2818 3572
1377 259 1407 304 6

288 376 434 412 accedit
470 376 666 422 desumpta
699 387 743 412 ex
771 377 875 413 Pind.
906 377 1037 424 fragm.
1068 380 1200 417 incert.
1231 392 1288 426 op.
1318 380 1502 417 Μαντεύεο
1530 379 1659 425 Μοῖσα,
1697 380 1934 427 προφατεύσω
1971 381 2094 430 δ’ἐγώ.
2151 384 2391 421 Glutinatorii
2418 395 2507 422 vero

288 437 412 484 operis
441 438 602 483 speciem
631 448 746 484 supra
775 449 883 485 quam
913 444 1038 485 potest
1057 442 1228 479 enarrari
1249 441 1381 478 miselli
1402 446 1515 489 atque
1534 441 1692 487 improbi
1712 442 1868 486 praebet
1887 443 1991 479 varia
2011 443 2100 480 Cod.
2123 445 2225 482 Leid.
2247 446 2277 482 B
2297 450 2506 483 ceterorum

287 499 537 535 recentiorum
565 499 731 535 codicum
761 501 971 546 scn'ptura:
1001 502 1111 538 ἀνθεῖ
1135 503 1252 539 ἐσαεὶ
1281 502 1514 550 πραπίδεσσιν
1535 513 1644 549 quam
1672 502 1730 538 his
1759 502 2014 548 superioribus
2044 505 2151 542 annis
2181 509 2330 544 secutus
2358 511 2442 544 erat
2469 510 2507 544 et

288 561 348 596 Fr.
379 559 633 597 Thierschius.
693 561 763 598 Illa
799 572 946 607 quoque
983 564 1029 599 ab
1059 566 1100 600 A.
1131 565 1296 601 Boekhio
1333 564 1503 609 profecta
1539 565 1754 600 coniectura
1790 564 2024 610 πραπίδεσσιν
2060 566 2200 612 ὁμοίως,
2237 571 2277 603 111
2313 568 2505 604 enucleate

286 620 460 666 nulloque
495 620 660 657 adhibito
689 619 773 657 fuco
801 622 1002 659 verborum
1038 625 1149 661 animi
1182 626 1252 661 mei
1291 636 1439 662 sensum
1468 626 1681 671 proloquar,
1711 625 1942 661 tumultuarii
1972 626 2157 663 simillima
2185 632 2243 665 est
2271 629 2505 665 necessitatis

288 685 466 726 tanquam
495 681 688 718 cuiusdam
717 681 895 727 figmento
924 684 1061 720 edolati
1091 685 1342 730 inconditique
1370 686 1535 721 eiusdem
1564 689 1675 731 atque
1704 685 1937 730 incompositi
1966 687 2102 731 operis.

408 763 450 799 V.
483 763 540 798 13.
579 762 724 810 Κόσμον
745 766 961 809 corruptela
980 770 1038 801 est
1057 770 1170 811 atque
1191 779 1234 802 ea
1256 768 1402 812 quidem
1425 778 1519 813 quae
1539 766 1690 802 horride
1711 766 1747 801 in
1767 766 1892 801 oculos
1912 776 1952 801 se
1972 767 2118 811 ingerat
2145 772 2182 803 et
2202 769 2238 804 in
2258 780 2332 814 qua
2351 772 2505 806 multum

286 822 374 858 insit
403 823 495 859 recti
526 823 649 859 iudicii
681 833 886 869 sensusque
915 823 1147 869 integritatis
1177 826 1404 864 offensionis:
1434 827 1557 863 nescio
1586 826 1682 862 enim
1711 837 1757 862 an
1787 826 1912 869 cuivis,
1943 827 2004 871 qui
2026 828 2172 873 quidem
2194 840 2215 865 a
2240 831 2400 868 sanitate
2430 832 2505 868 sive

284 883 455 919 dictionis
476 883 553 918 sive
575 884 709 919 mentis
728 894 800 919 non
819 884 998 927 discedat,
1028 886 1167 923 absona
1189 893 1300 934 atque
1325 889 1451 934 putide
1472 890 1592 924 otiosa
1619 887 1710 922 haec
1739 896 1822 922 esse
1851 887 2023 923 videatur
2049 894 2111 923 τοῦ
2139 889 2276 937 κόσμου
2304 891 2505 936 appellatio

285 943 459 991 ἁδυμελῆ,
505 945 559 981 ita
599 945 747 990 quidem
793 949 833 981 ut
875 946 958 982 miri
996 949 1129 993 capitis
1163 950 1384 995 ingenioque
1422 951 1589 995 corrupti
1627 950 1694 985 hoc
1731 948 1870 983 dictum
1906 947 2066 992 legentis
2101 950 2223 986 animo
2262 952 2504 989 obtrudatur:

286 1008 542 1041 ornamentum
570 1005 752 1050 quoddam
773 1005 981 1053 cultumque
998 1008 1073 1044 sive
1091 1010 1294 1046 munditias
1323 1011 1446 1046 nescio
1476 1022 1568 1057 quas
1595 1009 1756 1045 suaviter
1784 1019 1866 1044 esse
1894 1007 2104 1044 modulatas
2133 1021 2203 1055 quo
2232 1011 2323 1047 nihil
2352 1014 2504 1050 auribus

284 1071 344 1103 est
371 1067 490 1103 minus
520 1066 724 1103 ferendum.
781 1067 909 1114 Neque
940 1079 1027 1105 vero
1056 1071 1249 1117 quisquam
1285 1073 1321 1108 111
1350 1072 1418 1108 1106
1447 1072 1692 1114 aberraverit,
1730 1074 1771 1107 ut
1800 1070 1851 1106 ita
1880 1070 2075 1115 loquatur:
2113 1070 2342 1119 κελαδήσω
2370 1074 2504 1121 κόσμον

285 1129 397 1164 decus
426 1127 575 1172 aliquod
595 1128 653 1163 vel
679 1127 836 1174 alicujus
866 1130 1014 1174 generis
1043 1130 1180 1167 cultum
1211 1133 1351 1168 vocibus
1380 1134 1527 1169 canoris
1554 1136 1587 1169 et
1614 1132 1816 1178 magnificis
1841 1133 2017 1176 gyratoque
2044 1142 2125 1166 cum
2154 1136 2322 1168 concentu
2351 1136 2505 1171 auribus

284 1189 568 1235 obstrepentibus
596 1189 702 1226 edam
740 1188 785 1237 id)
814 1189 887 1227 min
916 1189 1014 1227 einen
1044 1190 1226 1239 Ξάμηιιᾶ
1263 1191 1298 1229 iu
1327 1192 1551 1240 ruuicsjeuben
1579 1191 1742 1240 affingat
1772 1192 1943 1228 ettb'neu
1974 1189 2101 1235 loiffen!
2157 1192 2211 1228 Ne
2240 1197 2327 1229 tunc
2358 1195 2502 1240 quidem

284 1262 364 1287 cum
400 1251 445 1286 de
486 1251 647 1296 strepitu
686 1251 960 1287 bracteolarum
1001 1253 1256 1289 inauratarum
1298 1255 1418 1290 cultus
1453 1258 1564 1299 atque
1601 1252 1807 1289 ornamenti
1842 1253 1960 1288 instar
2014 1258 2280 1298 usurpatarum
2327 1255 2505 1293 voluisset

283 1323 492 1348 sermonem
512 1313 722 1347 instituere.
773 1311 959 1357 Quidquid
981 1312 1015 1347 id
1036 1317 1104 1353 est,
1135 1313 1225 1349 illud
1246 1325 1316 1349 11011
1337 1319 1396 1350 est
1415 1314 1686 1359 ambigendum,
1717 1313 1785 1349 hac
1805 1314 1904 1349 vocis
1924 1300 2015 1350 Kb(
2025 1312 2125 1349 MON
2141 1314 2282 1359 ineptia
2298 1315 2503 1352 submotam

283 1373 465 1408 duntaxat
499 1383 565 1408 suo
594 1373 673 1408 loco
710 1383 793 1408 esse
823 1383 949 1408 veram
987 1373 1081 1408 hauc
1109 1363 1281 1408 KOMON
1308 1374 1330 1409 i.
1361 1384 1391 1409 e.
1422 1371 1593 1408 ΚΩΜΟΝ
1622 1373 1866 1417 scripturam:
1896 1378 2017 1421 κῶμον
2039 1373 2232 1420 κελαδήσω
2258 1374 2326 1411 1106
2356 1377 2502 1421 quidem

283 1445 371 1471 sane
402 1434 588 1471 luculente
617 1435 765 1479 iamque
795 1434 928 1470 audio:
959 1445 1117 1479 namque
1146 1434 1245 1470 haud
1276 1445 1361 1470 raro
1391 1435 1529 1480 legitur
1557 1434 1654 1479 apud
1683 1433 1895 1470 Pindarum.

407 1516 448 1551 V.
482 1514 539 1551 15.
596 1515 736 1563 ἀλέγων
775 1518 897 1551 tenera
931 1527 1011 1551 cum
1044 1516 1244 1552 reverentia
1279 1518 1386 1561 atquc
1420 1527 1557 1551 omnem
1588 1516 1705 1552 omnis
1732 1516 1967 1553 verecundiae
1992 1517 2134 1563 gleneris
2161 1518 2340 1554 rationem
2368 1519 2502 1555 habens

283 1577 459 1625 (nationis
489 1578 717 1614 Locrorum:
746 1579 872 1625 γενεὰν
901 1577 1069 1625 Λοκρῶν)
1099 1590 1132 1612 κ.
1163 1590 1192 1612 τ.
1222 1577 1253 1612 λ.

407 1660 448 1695 V.
481 1660 539 1696 16.
595 1658 858 1707 συγκωμάξατε
895 1659 1066 1695 nimirum
1097 1658 1185 1705 ἐμοί,
1225 1659 1259 1695 111
1298 1658 1393 1704 quod
1432 1659 1614 1695 neminem
1649 1663 1876 1704 praetereat,
1922 1670 2003 1695 611111
2032 1663 2142 1695 antea
2170 1659 2308 1695 dictum
2336 1660 2383 1695 sit
2412 1659 2501 1696 hoc:

281 1721 484 1769 κελαδήσω.
541 1721 632 1758 Illic
657 1733 734 1757 una
758 1733 905 1764 mecum,
941 1721 1115 1756 laetitiam
1149 1724 1253 1766 atquc
1286 1721 1484 1756 ovationem
1518 1720 1664 1756 victoris
1697 1732 1806 1757 causa
1836 1721 2043 1766 profitentes
2068 1721 2299 1767 carminaque
2325 1723 2500 1762 canentes,

276 1794 447 1827 pompam
474 1783 704 1818 comissantes
728 1782 983 1827 triumphalem
1009 1783 1137 1818 ducite.

406 1861 449 1896 V.
481 1861 539 1896 17.
597 1860 637 1896 In
667 1861 753 1896 Cod.
786 1861 911 1897 Ambr.
942 1862 972 1896 Α
1001 1866 1059 1896 est
1088 1862 1136 1908 μὴ
1166 1874 1235 1907 μιν,
1275 1862 1309 1896 111
1344 1862 1480 1897 ceteris
1514 1866 1637 1897 autem
1673 1862 1895 1897 membranis
1930 1861 1979 1907 μή
2007 1873 2058 1895 νιν
2087 1861 2260 1896 vitiosum
2289 1864 2497 1905 utrumque.

280 1922 330 1958 Et
363 1922 460 1958 enim
498 1932 608 1957 sanus
650 1921 797 1967 quidem
838 1931 944 1957 nemo
978 1920 1046 1957 hoc
1086 1921 1192 1957 modo
1222 1922 1414 1967 loquetur:
1450 1921 1523 1957 Vos
1553 1926 1675 1958 autem
1704 1922 1780 1957 sive
1809 1922 1916 1958 amici
1945 1922 2026 1959 vive
2055 1922 2184 1959 Musae
2213 1921 2310 1967 illuc,
2351 1932 2498 1968 quaeso,

280 1982 557 2029 proficiscimini
586 1987 698 2029 atque
728 1983 853 2019 itineri
882 1994 1025 2019 mecum
1055 1994 1118 2018 vos
1157 1984 1385 2019 committite.
1452 1982 1562 2018 Illud
1594 1983 1690 2018 enim
1722 1982 1821 2018 vobis
1850 1983 1922 2027 fide
1954 1995 2032 2018 mea
2064 1982 2222 2027 obliyata
2249 1985 2502 2027 praestaturus

279 2055 359 2080 sum
384 2047 489 2090 atque
512 2048 722 2090 recepturus
746 2046 787 2080 in
811 2057 875 2088 me,
904 2045 1003 2081 haud
1028 2043 1130 2078 illum
1156 2044 1297 2089 quidem
1322 2042 1389 2091 (μή
1419 2056 1487 2090 μιν,
1517 2044 1565 2091 μή
1593 2043 1660 2091 νιν)
1687 2042 1873 2086 hominem,
1898 2042 2158 2088 Aqesidamum
2179 2041 2268 2086 dico,
2293 2043 2334 2078 in
2353 2043 2501 2088 vulqare

280 2106 460 2152 quoddam
476 2109 737 2151 perventurum
758 2117 831 2142 esse
852 2105 1108 2151 sordidumque
1129 2104 1256 2149 vulqus
1280 2108 1343 2140 aut
1365 2104 1458 2140 idem
1479 2105 1624 2150 inqenio
1645 2105 1778 2142 humile
1794 2108 1826 2140 et
1846 2105 2024 2142 illiberale
2047 2104 2292 2149 hospitumque
2309 2104 2500 2140 adventum

276 2165 367 2208 fuya
392 2161 633 2198 evitaturum!
684 2162 779 2206 Quid
807 2162 876 2198 ita!
933 2160 1119 2206 Numquid
1149 2160 1394 2203 Agesidamus
1424 2160 1502 2206 ipse
1531 2160 1627 2205 ξένος
1655 2166 1713 2199 est
1739 2163 1777 2198 ἐν
1805 2169 1848 2211 τῇ
1877 2163 2029 2211 Λοκρῶν
2057 2168 2174 2211 γενεᾷ,
2205 2162 2266 2208 qui
2295 2162 2365 2198 sibi
2394 2166 2501 2207 putet

278 2223 483 2258 timendum
503 2233 585 2259 esse
605 2224 702 2265 ὅπως
723 2224 771 2269 μὴ
792 2222 964 2269 ἀφίκηται
983 2221 1031 2263 εἰς
1051 2219 1254 2267 φυγόξεινον
1274 2222 1436 2268 στρατόν,
1466 2222 1519 2258 ita
1544 2223 1690 2268 quidem
1710 2228 1752 2260 ut
1778 2224 1830 2260 illi
1860 2224 1905 2260 de
1934 2235 2001 2260 sua
2026 2224 2141 2270 ipsius
2167 2226 2276 2269 gente
2297 2222 2499 2259 cavendum

280 2289 382 2322 esset
401 2284 561 2330 benigno
582 2284 791 2327 admodum,
821 2283 1002 2320 adversus
1032 2293 1121 2318 suae
1152 2282 1266 2327 ipsius
1295 2294 1464 2319 errorem
1493 2285 1685 2329 opinionis,
1715 2286 1834 2330 ipsum
1861 2289 2055 2330 exceptum
2076 2285 2121 2320 iri
2141 2284 2322 2329 hospitio!
2361 2285 2500 2321 Contra

281 2346 325 2382 de
354 2346 578 2390 Agesidamo
606 2344 695 2381 mihi
725 2345 873 2392 quidem
902 2344 964 2381 illo
993 2354 1081 2379 vero
1111 2345 1257 2381 videtur
1286 2345 1553 2390 praestandum
1581 2355 1662 2382 esse
1692 2345 1740 2393 μή
1769 2358 1819 2381 νιν
1844 2344 1910 2393 (=
1930 2345 2053 2393 αὐτον)
2074 2345 2265 2393 ἀφίξεσθαι
2285 2346 2332 2387 εἰς
2350 2346 2500 2392 στρατὸν

278 2408 573 2455 φυγοπολίταν
602 2408 660 2444 vel
688 2406 932 2454 φυξιπολίταν,
962 2407 1065 2442 cuius
1095 2406 1150 2442 rei
1179 2406 1300 2441 cautio
1330 2405 1458 2441 dubito
1487 2415 1533 2441 an
1563 2416 1839 2451 supervacanea
1867 2407 1926 2443 sit.
1970 2407 2130 2443 Proinde
2159 2407 2355 2452 scripseris
2384 2406 2499 2443 haud-

279 2479 467 2514 quaquam
497 2468 545 2515 μή
576 2480 644 2515 μιν,
674 2479 794 2513 neque
823 2467 872 2515 μή
901 2479 963 2510 νιν,
994 2468 1091 2512 quod
1121 2466 1274 2512 perinde
1303 2466 1362 2507 sit,
1394 2476 1521 2501 verum
1551 2466 1743 2502 ver1ssime
1772 2468 1820 2514 μὴ
1850 2468 1924 2514 μὲν.

405 2561 447 2596 V.
481 2561 538 2595 17.
594 2560 743 2606 στρατόν
773 2560 857 2605 (hoc
887 2560 1035 2604 quidem
1065 2559 1159 2599 1060)
1197 2559 1293 2594 1116111
1323 2559 1422 2594 valet
1459 2559 1555 2603 quod
1595 2559 1677 2594 hoc:
1720 2560 1943 2604 pullatorum
1976 2565 2014 2597 et
2042 2560 2277 2596 sordidorum
2313 2559 2499 2594 hominum

279 2620 403 2658 infima
427 2625 466 2658 et
491 2621 663 2667 pudenda
688 2626 725 2658 et
750 2621 897 2657 abiecta
922 2625 958 2656 et
980 2621 1280 2666 despicatissima
1309 2620 1413 2656 faex:
1449 2619 1587 2656 humile
1614 2624 1725 2666 atque
1752 2621 1942 2658 sordidum
1969 2622 2112 2667 vulgus,
2141 2619 2362 2667 quisquiliae
2389 2620 2500 2655 rusti-

279 2694 406 2719 corum
435 2684 673 2728 turpiterque
703 2682 939 2718 illiberalium
969 2686 1081 2726 atque
1110 2682 1376 2726 probrosorum
1406 2681 1688 2716 homuncionum
1714 2681 1783 2717 vile
1803 2682 1926 2718 tourbe
1945 2682 1987 2718 de
1998 2681 2192 2727 plebeiens,
2221 2680 2291 2716 vile
2310 2682 2342 2715 et
2360 2678 2501 2725 iynoble

277 2743 482 2787 multitude,
504 2742 686 2789 populace
710 2744 900 2789 possiem,
931 2742 1006 2779 mal
1034 2742 1154 2786 c'levee‚
1184 2742 1315 2787 abjecte
1342 2745 1373 2778 et
1401 2742 1713 2778 souverainement
1740 2742 1966 2788 meprisable.

1358 2917 1424 2988 II.

400 3059 483 3095 Jam
513 3059 781 3104 aggrediamur
809 3058 926 3095 XIVmi
958 3070 1104 3104 quoque
1134 3058 1322 3095 reficiendi
1352 3058 1523 3103 olympici
1553 3058 1725 3093 carminis
1755 3068 1857 3102 opus.

403 3141 444 3176 V.
475 3141 497 3175 2
527 3141 716 3186 scriptura
735 3139 1066 3177 ΚΑΛΛΙΠΩΛΟΝ
1095 3142 1230 3177 codicis
1254 3142 1334 3177 Vat.
1358 3142 1386 3176 B
1407 3140 1623 3177 membrana
1652 3139 1750 3176 inter
1778 3150 1841 3175 eas
1870 3149 1965 3184 quae
1994 3149 2038 3175 ex
2067 3137 2263 3183 iniquitate
2291 3140 2499 3181 temporum

276 3201 400 3239 factae
429 3202 535 3238 nobis
564 3206 650 3243 sunt
684 3203 850 3248 reliquae
879 3202 1133 3239 vetustissima
1171 3202 1343 3238 mendum
1372 3207 1441 3239 est.
1481 3202 1552 3238 Fac
1582 3202 1679 3238 6111111
1708 3201 1766 3237 1116
1796 3202 1976 3247 scriptum
2005 3210 2088 3236 esse
2116 3199 2175 3234 vel
2201 3197 2292 3234 illud
2320 3196 2499 3246 λαχοῖσαι,
