2818 3572
1305 176 1361 221 17

1285 360 1377 430 Ill.

351 531 571 570 Emendatio
598 531 666 567 loci
696 530 910 567 Terentiani
939 531 1067 567 selecti
1096 529 1263 576 (Terent.
1293 529 1440 566 Phorm.
1470 529 1532 572 IV,
1562 529 1596 571 4,
1627 527 1792 569 24—29)
1822 528 2043 563 accessionis
2071 530 2216 564 nomine
2245 529 2401 564 adiecta.

350 593 391 628 In
412 590 674 627 dissertatione
699 590 829 626 critica
849 590 1086 635 Terentiana,
1117 601 1189 637 qua
1217 601 1312 627 anno
1332 589 1670 627 MDCCCLXXVH
1690 588 1933 636 Koniyhoffus
1954 589 2009 626 vir
2042 589 2302 626 ornatissimus
2323 593 2437 635 atque

227 654 509 693 liberalissimus
529 652 565 688 in
585 653 704 698 primo
723 653 846 689 limine
865 654 997 689 indicis
1017 653 1224 690 scholarum
1241 653 1508 689 trevericarum
1526 652 1720 697 scriptoris
1736 652 1833 687 illius
1853 652 2124 688 comoediarum
2145 652 2437 687 emendationem

228 716 428 761 attigisset,
466 724 546 748 cum
575 717 614 749 et
641 713 922 749 collaudandum
959 714 1005 749 sit
1042 717 1080 749 et
1108 713 1418 758 comprobandum
1448 711 1685 748 vehementer
1714 715 1851 757 quanta
1880 722 1960 747 cum
1990 713 2044 748 rei
2074 712 2297 748 auctoritate
2327 716 2438 758 atque

230 775 377 823 quantis
412 785 492 810 cum
530 773 667 819 ingenii
696 773 916 818 quibusdam
946 773 1096 809 lacertis
1125 777 1254 810 contra
1282 774 1400 819 ipsum
1430 772 1636 810 Bentleium
1666 773 1700 808 in
1730 773 1923 810 verissima
1951 773 2006 820 (V.
2038 773 2101 822 26)
2131 775 2337 821 scriptura:
2369 786 2439 820 per

229 836 434 883 inpluvium
470 834 608 872 tuenda
646 838 757 879 atque
794 835 1011 870 vindicanda
1048 835 1177 870 enixus
1214 835 1480 870 elaboraverit:
1523 839 1646 869 tamen
1676 835 1870 870 dolendum
1908 840 1965 871 est
1994 836 2150 880 quodam
2180 837 2286 872 modo
2319 837 2436 872 virum

230 896 509 942 sagacissimum
551 899 690 946 tantam
731 900 767 931 et
805 896 875 931 vim
914 896 1092 932 acuminis
1129 900 1168 932 et
1204 896 1394 932 doctrinae
1436 895 1576 940 copiam
1620 895 1654 930 in
1696 896 1874 931 tentanda
1912 906 2084 932 versuum
2128 897 2436 933 Terentianorum

228 958 376 994 Phorm.
408 957 468 999 IV,
498 957 533 999 4,
563 955 712 991 26-29
741 955 883 991 frustra
920 956 1140 1001 purgatione
1178 955 1393 992 mendorum
1431 956 1713 1002 consumpsisse.
1770 955 1861 991 Nam
1900 956 2055 1001 primum
2095 956 2189 993 Geta
2224 956 2437 1002 Antiphoni.

230 1024 271 1056 ut
289 1020 418 1055 inanes
438 1019 517 1054 eius
538 1019 690 1054 timores
711 1022 964 1062 compesceret
983 1022 1094 1064 atque
1114 1019 1388 1056 demonstraret
1407 1019 1665 1055 Phormionem
1689 1019 1752 1054 illa
1772 1029 1878 1064 qnam
1901 1029 2022 1054 secum
2044 1018 2169 1054 iniisse
2199 1019 2439 1054 simulaverat

230 1081 387 1117 coitione
425 1080 470 1115 de
506 1079 674 1115 ducenda
710 1079 746 1114 in
782 1079 1054 1115 matrimonium
1092 1080 1214 1125 puella
1243 1080 1441 1125 Antiphoni
1478 1080 1623 1115 iamiam
1663 1079 1840 1116 collocata
1878 1084 1977 1115 stare
2016 1091 2135 1126 neque
2172 1091 2282 1126 posse
2311 1087 2438 1126 ‘neque

231 1143 380 1184 debere,
409 1144 524 1178 totam
553 1140 699 1176 illorum
729 1140 861 1176 seriem
888 1144 1148 1184 monstrorum,
1177 1151 1271 1186 quae
1301 1141 1368 1177 sibi
1398 1152 1441 1177 ex
1469 1141 1567 1177 illius
1590 1145 1757 1186 tempore
1784 1141 1963 1185 pactionis
1992 1142 2159 1178 evenisse
2180 1143 2437 1179 Phormionem

231 1203 325 1239 Geta
350 1201 592 1239 confirmabat
619 1201 754 1247 speciei
783 1200 974 1238 faciendae
1003 1213 1115 1238 causa
1143 1207 1381 1239 narraturum
1410 1214 1505 1243 esse.
1535 1207 1789 1248 percensente.
1812 1202 2053 1248 Konighoffus
2082 1204 2117 1238 in
2138 1215 2248 1239 versu
2270 1204 2317 1239 24
2339 1203 2437 1239 vitiis

233 1275 253 1300 a
282 1263 485 1309 superioris
514 1263 649 1298 aetatis
677 1262 884 1298 hominibus
912 1264 1074 1308 receptis
1103 1274 1221 1309 neque
1250 1275 1270 1299 a
1299 1274 1337 1299 se
1366 1263 1632 1299 animadversis
1661 1264 1713 1298 ita
1742 1273 1817 1298 rem
1846 1264 2103 1309 persequitur:

724 1374 882 1383 .....
912 1346 995 1382 Ant.
1027 1345 1300 1389 Quamobrem?
1328 1349 1392 1381 aut
1420 1345 1508 1391 quid
1538 1345 1662 1381 dicet?
1691 1344 1756 1380 Ge.
1787 1344 1935 1389 Rogas?

723 1407 820 1450 Quot
847 1417 908 1442 res
937 1410 1021 1451 post
1048 1406 1111 1456 ψει
1139 1410 1305 1441 monstra
1333 1408 1537 1440 evenerunt
1566 1404 1672 1440 mihi!

722 1469 825 1505 Intro
854 1469 895 1505 iit
923 1469 958 1504 in
987 1468 1089 1505 aedis
1118 1471 1200 1504 ater
1228 1467 1370 1504 alienus
1399 1466 1520 1510 canis;

722 1531 863 1576 Anguis
892 1541 959 1576 per
987 1530 1188 1575 inpluvium
1218 1529 1356 1565 decidit
1383 1529 1427 1564 de
1456 1529 1612 1574 tegulis:

722 1592 869 1629 Gallina
897 1592 1049 1635 cecinit3
1078 1590 1271 1627 interdixit
1298 1589 1483 1633 hariolus,

723 1653 892 1697 Aruspex
921 1651 1038 1687 vetuit
1065 1654 1151 1686 ante
1179 1650 1346 1686 brumam
1375 1655 1497 1687 autem
1527 1651 1608 1686 novi

721 1711 856 1757 Negoti
884 1711 1067 1756 incipere,
1098 1720 1191 1754 quae
1220 1720 1331 1745 causa
1358 1713 1415 1746 est
1443 1710 1656 1746 iustissima.

354 1792 427 1828 Res
457 1791 762 1838 quemadmodum
790 1790 849 1826 hic
877 1790 975 1826 inter
1004 1801 1042 1826 se
1072 1790 1296 1826 cohaereant
1324 1791 1379 1827 vir
1406 1791 1750 1836 praestantissimus
1779 1790 1925 1826 minime
1954 1793 2011 1825 est
2039 1794 2253 1826 assecutus:
2284 1799 2364 1825 cum
2393 1789 2438 1825 iis

233 1851 365 1898 quibus
402 1862 490 1887 usus
527 1854 584 1887 est
622 1850 921 1886 distinctionibus
950 1856 1142 1897 appareat,
1183 1852 1218 1888 in
1255 1854 1428 1890 monstris
1465 1852 1652 1889 numerari
1690 1852 1734 1888 ab
1764 1852 1825 1888 illo
1854 1851 1889 1887 id
1919 1852 2014 1896 quod
2043 1851 2234 1888 interdixit
2262 1850 2438 1894 hariolus,

232 1925 392 1958 aruspex
417 1913 529 1949 vetuit
557 1923 676 1958 neque
705 1912 960 1956 intellexisset,
989 1913 1101 1950 illud:

865 1987 954 2028 quot
981 1993 1042 2018 res
1071 1986 1155 2027 post
1182 1983 1246 2018 illa
1274 1986 1439 2018 monstra
1467 1987 1671 2018 evenerunt
1697 1983 1803 2019 mihi!

232 2053 331 2090 haud
368 2055 565 2092 exclamari
595 2066 615 2091 a
645 2055 750 2092 Geta.
780 2064 907 2090 verum
945 2052 1111 2089 oratione
1150 2053 1352 2098 tranquilla
1388 2057 1425 2089 et
1461 2053 1591 2089 sedata
1627 2058 1664 2090 et
1699 2055 1845 2099 placata
1872 2055 2034 2100 proferri
2075 2067 2195 2102 neque
2224 2068 2304 2092 cum
2335 2062 2438 2093 ante-

232 2114 448 2150 cedentibus
477 2116 593 2151 solum
623 2115 675 2150 ita
703 2114 857 2150 maxime
887 2123 1088 2149 connexum
1117 2116 1228 2158 atque
1257 2116 1382 2158 aptum
1411 2124 1504 2155 esse,
1534 2117 1585 2155 nt,
1616 2124 1696 2149 cum
1718 2114 1878 2160 Antipho
1899 2116 2123 2161 quaesiisset
2150 2116 2238 2153 hoc:
2268 2120 2332 2153 aut
2352 2117 2440 2163 quid

231 2174 322 2210 dicet
342 2174 530 2221 (Phormio
551 2175 726 2211 causandi
746 2175 894 2219 gratia),
917 2173 1012 2209 Geta
1040 2173 1085 2208 ad
1116 2173 1151 2207 id
1179 2177 1333 2218 excepto
1354 2173 1507 2208 alterius
1528 2183 1714 2209 sermone:
1745 2174 1888 2220 „Roqas
1902 2174 1940 2209 .9“
1969 2175 2101 2222 inquit,
2132 2177 2193 2213 ubi
2214 2178 2438 2224 cogitatione

234 2235 478 2282 supplendum
509 2237 560 2273 sic
589 2235 721 2273 fuerit:
760 2235 903 2283 „Royas
931 2248 1000 2280 me,
1039 2235 1126 2282 quid
1163 2235 1224 2272 ille
1262 2236 1308 2272 sit
1345 2236 1581 2272 dicturusffst:
1619 2248 1745 2273 verum
1782 2238 1893 2274 etiam
1923 2249 2003 2274 cum
2034 2239 2078 2275 iis
2109 2251 2203 2285 quae
2232 2241 2267 2276 in
2297 2241 2439 2286 reliquo

234 2296 429 2340 utriusque
457 2296 614 2331 hominis
643 2297 822 2331 sermonis
852 2297 1009 2332 decursu
1030 2301 1247 2342 sequuntur,
1277 2298 1327 2332 ita
1348 2297 1505 2342 quidem,
1536 2301 1577 2333 ut
1596 2308 1667 2333 una
1687 2309 1766 2334 cum
1787 2300 2069 2346 insequentibus
2089 2301 2198 2338 simul
2218 2301 2439 2338 audiendum

233 2358 356 2392 mente
385 2356 434 2393 sit
461 2356 545 2393 hoc:
576 2355 655 2400 „ille
682 2356 859 2392 nimirum
887 2358 1007 2402 dicet“‚
1037 2358 1210 2404 deinceps
1238 2363 1361 2395 autem
1390 2358 1640 2394 scribendum:

845 2430 951 2476 quod,
979 2441 1036 2466 res
1056 2433 1143 2476 post
1170 2429 1268 2474 illas,
1296 2432 1460 2466 monstra
1487 2431 1677 2465 evenerunt
1705 2427 1815 2463 inihi:

234 2499 356 2543 posita
383 2498 474 2543 eius,
514 2500 609 2545 quod
646 2500 764 2536 nostri
793 2500 959 2537 homines
999 2501 1101 2537 colon
1131 2512 1263 2537 vocare
1293 2505 1573 2542 consueverunt,
1612 2500 1704 2546 signi
1735 2501 1990 2546 distinctione3
2021 2513 2115 2548 quae
2145 2503 2259 2539 verba
2288 2514 2366 2539 cum
2396 2503 2439 2538 iis

235 2570 328 2605 quae
371 2566 574 2607 sequentur
610 2563 662 2598 ita
699 2562 935 2599 continentur
976 2567 1014 2599 nt
1051 2564 1180 2600 iisdem
1220 2563 1314 2598 ratio
1351 2563 1396 2598 ab
1435 2561 1642 2607 Antiphone
1678 2562 1911 2598 Phormionis
1948 2564 2166 2609 accipiatur,
2209 2575 2362 2610 quanam
2400 2575 2439 2600 re

233 2620 465 2658 interdixerit
497 2623 662 2661 hariolus
699 2626 858 2671 nuptias.
915 2625 1097 2661 Universa
1130 2628 1252 2660 autem
1284 2633 1453 2659 versuum
1492 2627 1702 2658 nostrorum
1732 2624 1848 2658 series
1877 2623 1945 2660 hoc
1974 2625 2206 2670 potissimum
2236 2626 2340 2662 modo
2369 2627 2442 2662 erit

235 2682 516 2721 conformanda:

726 2775 885 2783 .....
916 2747 1020 2783 Ant.
1051 2746 1324 2790 Quamobrem?
1353 2748 1416 2781 aut
1444 2745 1531 2790 quid
1560 2745 1682 2780 dicet?
1714 2744 1785 2780 Ge.
1817 2745 1967 2790 Rogas?

727 2807 883 2852 „Quod,
916 2818 985 2843 res
1011 2809 1112 2852 post
1144 2806 1266 2850 illas,
1300 2808 1493 2842 monstra
1526 2808 1759 2842 evenerunt
1791 2805 1934 2841 mihffl:

728 2868 854 2914 „Intro
882 2868 925 2904 iit
953 2869 987 2905 in
1017 2870 1120 2905 aedis
1148 2870 1246 2905 atria
1274 2869 1403 2914 plenus
1432 2869 1571 2912 canis&

729 2930 893 2975 „Anguis
922 2940 990 2975 per
1017 2930 1219 2976 inpluvium
1249 2929 1382 2966 decidit
1412 2928 1457 2965 de
1485 2928 1659 2975 tegulis“,

729 2990 899 3037 „Gallina
929 2992 1079 3028 cecinit:
1109 2991 1346 3028 interdixit
1373 2990 1593 3026 hariolus“

728 3050 949 3095 „Aruspeoe
980 3050 1025 3085 id
1057 3050 1136 3094 vel,
1170 3054 1269 3087 ante
1302 3051 1492 3086 brumam
1525 3050 1749 3085 auctumni
1783 3050 1898 3084 norff

727 3110 901 3156 „Neyoti
934 3111 1141 3156 incipere;
1179 3121 1272 3156 quae
1302 3120 1413 3146 causa
1439 3113 1498 3145 est
1526 3109 1765 3146 iustissima“.
