2818 3572
1469 218 1528 263 12

513 335 555 372 V.
587 335 632 371 12
660 334 798 383 σέβοντι
824 335 847 370 i.
877 345 909 372 e.
937 336 1177 372 reverentiam
1204 337 1335 374 habent
1362 340 1470 384 atque
1495 340 1694 383 respectum
1721 337 2082 374 observantissima
2118 338 2204 386 (loci
2239 338 2456 384 amplissimi
2483 338 2598 375 debiti

388 396 489 441 patri
509 395 725 442 Olympico).
764 395 961 441 Scriptura
978 400 1104 432 autem
1122 396 1272 435 ἀὲνναον
1292 399 1531 436 membranae
1551 399 1634 436 Vat.
1656 399 1686 436 B
1704 402 1916 436 ceterorum
1935 400 2180 438 vetustiorum
2208 399 2373 437 codicum
2400 399 2599 438 infeliciter

388 460 535 494 tentata
553 461 612 494 est
629 456 666 493 in
685 455 830 493 medela
848 456 982 494 mendo
1001 457 1212 495 adhibenda
1230 469 1253 495 a
1272 460 1529 504 superioribus
1548 461 1734 498 aetatibus
1754 465 1906 506 recepto
1931 466 2044 507 atque
2070 463 2153 507 ipsa
2179 461 2331 506 ancipiti
2350 462 2600 497 contaminata

388 522 446 554 est
473 517 705 563 corruptela:
735 518 872 553 etenim
901 527 983 554 cum
1012 517 1154 565 syllaba
1182 530 1205 554 α
1232 519 1332 555 vocis
1360 517 1508 563 ἀένναος
1536 520 1659 557 brevis
1688 520 1748 563 sit,
1783 525 1914 559 contra
1940 523 2052 569 longa
2079 523 2129 560 sit
2156 522 2297 569 syllaba
2324 534 2381 558 ενν
2409 523 2599 559 enascitur

386 579 471 614 inde
499 579 536 613 in
565 578 656 614 duas
685 581 814 622 partes
843 579 954 614 metri
982 579 1108 616 laesio.
1164 579 1342 616 Mensura
1369 582 1465 616 enim
1493 581 1671 627 temporis
1700 581 1898 619 Pindarica
1924 582 2017 620 haec

1419 671 1564 682 —vv—

384 700 470 737 inde
497 699 704 746 depravata
731 704 789 737 est
817 701 854 737 in
882 700 979 738 hanc

506 823 740 860 Adiectivum
760 827 883 860 autem
905 823 1032 866 ἀέναος
1061 828 1256 869 poetarum
1286 824 1404 861 forma
1432 830 1491 861 est
1510 826 1676 861 vocabuli
1706 825 1844 867 ἀείναος
1872 826 2041 862 derivata
2069 831 2192 864 autem
2222 839 2244 863 a
2271 828 2375 863 dorio
2403 826 2463 869 ἀὲς
2480 826 2598 862 :dcet

383 890 421 921 et
448 895 470 920 a
497 884 573 920 νάω
600 886 655 921 ita
681 889 724 921 ut
750 885 851 921 notio
880 896 975 931 quae
1004 885 1072 920 sub
1100 885 1170 921 hac
1190 896 1278 921 voce
1308 887 1436 922 subest
1460 886 1576 921 latino
1604 896 1773 922 sermone
1793 896 1973 931 expressa
1991 887 2037 922 ad
2058 888 2156 923 vocis
2167 888 2273 934 juyis
2292 886 2597 934 significationem

382 947 553 982 revocari
581 947 710 992 possit,
740 950 781 983 ut
800 946 907 993 juqis
934 958 1051 992 aquae
1075 946 1154 991 fors
1180 945 1427 981 Horatianum
1456 946 1546 982 illud
1576 956 1708 991 graece
1737 946 1789 981 sic
1817 946 1932 983 fuerit
1958 947 2279 985 transferendum:
2314 950 2443 985 ἀενάου
2471 948 2597 991 ὓδατος

382 1008 494 1055 παγαί.
524 1028 573 1034 -
602 1010 681 1054 Age
709 1019 810 1052 vero,
846 1018 928 1044 curn
966 1012 1118 1054 praeter
1145 1007 1302 1044 formam
1331 1007 1472 1043 dorium
1502 1007 1563 1051 ἀὲς
1592 1008 1712 1045 altera
1739 1009 1922 1046 vetustior
1953 1009 2066 1045 etiam
2094 1015 2323 1055 versaretur,
2353 1015 2443 1058 puta
2470 1010 2541 1054 αἰὲς
2557 1009 2596 1059 ¹),

382 1079 536 1105 necesse
564 1073 623 1106 est
650 1070 794 1116 pariter
822 1070 935 1106 etiam
963 1069 1033 1106 hac
1062 1069 1188 1111 ἀέναος
1214 1069 1328 1105 fuisse
1357 1068 1553 1105 formulam
1584 1070 1766 1115 quandam
1787 1070 2060 1116 vestustiorem,
2090 1069 2184 1106 hanc
2213 1071 2294 1108 dico
2322 1071 2470 1114 αἰὲναος.
2517 1071 2597 1115 Qua

382 1129 502 1166 forma
538 1134 762 1176 recuperata
798 1134 911 1177 atque
940 1136 1094 1176 recepta
1122 1141 1355 1176 emergemus
1392 1130 1436 1166 (le
1465 1131 1613 1176 integro
1641 1131 1687 1167 ad
1716 1131 1833 1168 lucem
1862 1132 2043 1177 pristinae
2072 1136 2183 1178 atque
2212 1134 2350 1179 probae
2378 1133 2596 1169 Pindaricae

381 1192 604 1236 scripturae,
635 1203 729 1237 quae
750 1192 828 1228 sine
849 1192 923 1227 ullo
943 1192 1054 1228 dubio
1075 1192 1172 1227 haud
1201 1191 1275 1226 alia
1303 1191 1377 1226 ulla
1406 1190 1522 1226 fuerit
1549 1192 1618 1226 nisi
1637 1190 1864 1227 AICNAON.
1903 1193 2007 1236 Quod
2026 1192 2208 1229 Neutrum
2230 1195 2310 1240 Adj.
2331 1193 2597 1230 adverbialiter

380 1252 635 1297 accipiendum
671 1256 786 1297 atque
823 1252 1094 1287 adnectendum
1133 1257 1191 1288 est
1227 1253 1272 1288 ad
1309 1251 1458 1299 σέβοντι,
1494 1253 1546 1288 ita
1584 1253 1731 1298 quidem
1769 1258 1809 1289 ut
1848 1254 1915 1289 hoc
1951 1257 2075 1290 exeat:
2114 1254 2247 1299 iuyiter
2282 1257 2451 1290 verentur
2471 1254 2597 1300 patris

383 1312 565 1358 Olympici
591 1313 763 1348 honorem

504 1394 546 1430 V.
579 1394 625 1429 14
653 1393 916 1442 φιλησίμολπος
945 1398 1003 1430 est
1030 1394 1062 1429 is
1090 1394 1152 1439 qui
1181 1396 1282 1430 amat
1310 1393 1516 1428 carminum
1543 1393 1677 1428 modos.

503 1477 543 1512 V.
580 1477 627 1513 16
655 1476 896 1524 ἐρασίμολπος
925 1487 998 1522 qua
1017 1487 1105 1512 voce
1127 1476 1293 1512 cumulus
1322 1480 1433 1520 atque
1463 1476 1731 1511 incrementum
1761 1475 1943 1520 quoddam
1973 1477 2115 1512 accedit
2142 1477 2188 1512 ad
2209 1477 2279 1512 vim
2299 1480 2597 1522 potestatemque

378 1536 548 1574 vocabuli
577 1536 851 1584 φιλησίμολπος,
891 1537 995 1572 cuius
1032 1547 1113 1573 cum
1143 1537 1301 1582 quadam
1330 1536 1620 1581 exaggeratione
1650 1536 1679 1571 is
1708 1536 1921 1581 appellatur
1948 1536 2012 1582 qui
2038 1536 2298 1582 cupidissimus
2326 1539 2433 1582 atque
2459 1537 2597 1572 studio-

376 1597 550 1632 sissimus
577 1599 630 1632 εει
657 1596 859 1642 lyricorum
887 1596 1088 1632 modorum.
1118 1617 1167 1621 ——-
1195 1597 1295 1632 τόνδε
1323 1601 1444 1643 κῶμον
1482 1597 1619 1632 hancce
1648 1607 1818 1641 pompam
1852 1596 2115 1641 triumphalem
2144 1607 2226 1631 eum
2255 1600 2365 1631 cantu
2393 1596 2596 1632 carminum

378 1658 552 1694 solemnis
574 1657 756 1694 ovationis
777 1658 971 1704 plenorum
998 1657 1190 1704 gressibus
1219 1657 1445 1694 exultatione
1474 1658 1583 1693 laetis
1612 1657 1861 1703 prosequendi
1881 1656 2033 1693 victoris
2062 1657 2212 1693 laureae
2242 1661 2456 1702 reportatae
2485 1668 2598 1694 causa

376 1719 620 1755 incedentem.
666 1718 815 1754 Iuvabit
835 1718 893 1754 hic
914 1729 1042 1754 ansam
1062 1719 1132 1754 hoc
1152 1719 1230 1755 loco
1252 1720 1377 1754 datam
1397 1719 1566 1763 arripere
1592 1722 1633 1753 ut
1651 1719 1687 1753 in
1707 1728 1850 1753 omnem
1870 1722 2015 1763 partem
2036 1723 2075 1754 et
2093 1719 2331 1764 expediamus
2351 1719 2596 1756 definiendam

375 1783 490 1825 atque
527 1779 825 1815 constituendam
865 1779 1077 1815 accuratius
1108 1778 1285 1814 vocabulo
1314 1777 1399 1812 huie
1428 1781 1548 1822 κῶμος
1577 1776 1712 1812 factam
1741 1787 1763 1811 a
1790 1777 1951 1813 Pindaro
1988 1782 2226 1823 potestatem,
2264 1783 2302 1815 et
2329 1784 2370 1815 ut
2396 1780 2596 1816 inanitates

375 1841 459 1876 illas
488 1850 615 1876 omnes
648 1850 832 1885 nugarum
866 1843 979 1886 atque
1014 1844 1191 1885 tanquam
1228 1849 1361 1884 vepres
1399 1838 1541 1874 erroris
1571 1838 1704 1883 quibus
1733 1837 1793 1873 Fr.
1825 1838 2077 1883 Thierschius,
2115 1839 2189 1884 alii,
2227 1840 2368 1876 aditum
2396 1840 2443 1876 ad
2470 1851 2597 1876 veram

376 1901 543 1937 eiusdem
571 1900 680 1936 huius
701 1900 800 1936 vocis
820 1900 893 1935 vim
922 1904 1157 1945 mentemque
1187 1904 1498 1945 praestruxerant
1525 1903 1637 1943 atque
1658 1899 1940 1943 praecluserant
1959 1900 2205 1945 amputandos
2233 1902 2455 1947 penitusque
2483 1901 2596 1937 semel

376 1962 413 1997 in
450 1966 674 2007 perpetuum
715 1961 1031 1996 circumcidendos
1069 1972 1216 1996 manum
1251 1961 1430 1996 audacter
1469 1960 1739 1995 admoveamus.
1796 1960 1943 2005 Operae
1981 1960 2127 2005 quidem
2157 1960 2319 2004 pretium
2347 1960 2479 1996 fecisse
2507 1961 2595 1995 mihi

376 2022 516 2064 videor,
556 2022 586 2056 si
620 2021 667 2056 ad
701 2025 804 2057 recte
841 2021 1116 2057 terminandum
1150 2021 1260 2056 huius
1298 2030 1447 2055 sensum
1475 2019 1643 2055 vocabuli
1681 2030 1746 2064 pro
1775 2020 1873 2056 virili
1911 2025 2019 2066 parte
2057 2021 2196 2066 aliquid
2233 2025 2335 2057 certe
2365 2021 2594 2063 contulerim,

377 2082 512 2127 quippe
541 2081 577 2116 in
606 2090 678 2125 quo
716 2080 762 2114 ad
792 2090 904 2115 unum
933 2090 1060 2115 omnes
1089 2085 1128 2116 et
1156 2080 1408 2125 lexicographi
1446 2084 1484 2115 et
1512 2079 1739 2124 interpretes
1768 2079 1943 2116 exhibere
1972 2080 2060 2117 mihi
2089 2081 2157 2117 visi
2187 2085 2272 2118 sunt
2299 2081 2404 2125 velle,
2443 2082 2530 2128 quid
2558 2082 2595 2118 in

375 2153 575 2188 perperam
611 2142 897 2186 interpretando
934 2145 1090 2187 possent
1117 2141 1273 2178 efficere.
1330 2140 1443 2183 Quasi
1472 2150 1560 2175 vero
1590 2141 1734 2184 quidvis
1763 2152 1802 2177 se
1830 2142 1936 2178 nobis
1964 2143 2125 2188 probare
2154 2153 2265 2187 posse
2294 2144 2363 2178 sibi
2391 2142 2593 2186 finxissent,

377 2203 474 2238 omni
504 2213 620 2247 opera
648 2202 922 2238 contenderunt
950 2206 991 2237 ut
1018 2202 1254 2246 imponerent
1281 2200 1386 2236 nobis
1416 2210 1520 2236 suum
1551 2200 1649 2236 istud
1670 2212 1823 2238 vacuum
1848 2201 1964 2238 falsae
1985 2201 2167 2248 opinionis
2188 2205 2444 2245 commentum,
2474 2207 2595 2250 κῶμον

376 2265 445 2301 hoc
474 2269 644 2301 nostrum
673 2263 829 2309 epulas
853 2263 969 2309 festae
997 2261 1158 2298 laetitiae
1178 2261 1395 2307 cuiusquam
1416 2272 1498 2297 cum
1522 2261 1648 2298 amicis
1677 2268 1715 2299 et
1742 2265 1958 2310 propinquis
1987 2267 2026 2300 et
2052 2262 2192 2298 vocatis
2213 2262 2375 2298 convivis
2394 2262 2596 2308 adparatos

378 2325 600 2372 significare.

503 2395 732 2440 Quamquam
762 2405 805 2430 ex
834 2395 1019 2431 universis
1048 2394 1138 2430 locis
1168 2394 1301 2438 quibus
1339 2394 1410 2429 ista
1439 2392 1640 2437 appellatio
1667 2391 1792 2438 κώμου
1820 2397 1994 2428 versatur
2022 2393 2057 2427 in
2086 2393 2248 2429 Pindaro
2277 2400 2315 2430 et
2341 2405 2386 2429 ex
2415 2395 2595 2438 appositis

377 2458 458 2493 eius
495 2461 534 2492 et
570 2466 614 2492 ex
651 2466 695 2492 ea
734 2456 880 2492 ratione
917 2466 990 2501 qua
1017 2455 1202 2491 Pindarus
1232 2454 1276 2490 de
1305 2453 1417 2501 κώμω
1446 2454 1560 2490 verba
1589 2452 1678 2489 facit
1706 2457 1849 2489 tantum
1878 2455 1999 2491 elucet
2032 2460 2072 2491 ut
2099 2455 2215 2501 probe
2244 2455 2445 2492 sentiamus
2474 2459 2595 2501 κῶμον

377 2529 523 2553 carmen
544 2516 775 2561 triumphale,
804 2527 877 2552 non
906 2521 1030 2552 autem
1050 2515 1188 2560 epulas,
1217 2516 1404 2551 ovantium
1433 2514 1598 2550 laetitiae
1619 2513 1899 2558 patefaciendae
1920 2525 2001 2550 cum
2020 2515 2160 2551 honore
2180 2515 2326 2551 victoris
2345 2526 2457 2551 causa
2475 2517 2596 2551 actum

378 2590 462 2617 esse
483 2578 714 2625 capiendum,
737 2578 833 2624 quod
850 2588 999 2614 carmen
1015 2581 1093 2614 tum
1113 2577 1150 2612 in
1165 2587 1300 2622 pompa
1315 2573 1518 2612 honorifica
1534 2585 1627 2619 quae
1648 2585 1769 2611 comes
1788 2576 1905 2621 ipsius
1921 2576 2073 2612 victoris
2089 2576 2290 2612 duceretur
2310 2574 2381 2620 (Ol.
2398 2575 2462 2617 IX,
2484 2569 2595 2611 1-2)

378 2647 457 2677 tum
485 2646 573 2676 ante
602 2641 659 2676 vel
687 2640 838 2675 victoris
868 2639 925 2674 vel
954 2641 1151 2683 parentum
1189 2638 1267 2673 eius
1304 2637 1451 2672 aedium
1476 2637 1625 2681 januam
1660 2635 1803 2683 (Isthm.
1834 2635 1871 2671 Z'
1900 2635 1968 2684 [H',
2000 2636 2136 2683 3—4])
2165 2640 2277 2682 atque
2305 2636 2363 2672 vel
2390 2640 2468 2672 tum
2497 2637 2595 2673 socio

374 2702 515 2739 victore
544 2702 625 2747 ipso
655 2700 711 2737 vel
740 2705 820 2737 tum
850 2701 929 2737 sine
959 2701 1038 2736 eius
1068 2700 1248 2735 societate
1277 2702 1407 2735 cantus
1436 2697 1706 2743 percineretur.
1763 2698 1866 2740 Quod
1896 2699 1926 2733 si
1955 2698 2091 2734 alicubi
2120 2698 2285 2743 gentium
2315 2701 2434 2743 κῶμος
2464 2698 2594 2742 epulae

375 2765 513 2805 essent,
550 2764 725 2798 constans
762 2760 858 2796 enim
900 2764 1002 2797 esset
1038 2759 1219 2807 κωμάζειν
1250 2770 1315 2797 suo
1343 2759 1422 2796 loco
1459 2759 1528 2795 hoc
1566 2758 1635 2794 sibi
1664 2758 1778 2794 velle:
1819 2757 1946 2804 epulas
1983 2758 2122 2795 habere
2158 2758 2240 2794 vive
2278 2757 2433 2804 epulari.
2488 2758 2594 2795 Unde

375 2827 671 2869 consequeretur
691 2823 770 2859 loco
791 2834 899 2868 quem
920 2823 1034 2858 simus
1054 2823 1202 2858 iamiam
1224 2822 1412 2858 laudaturi
1435 2820 1577 2856 vocibus
1597 2820 1843 2856 Athenienses
1872 2821 1948 2856 suis
1977 2830 2048 2855 non
2076 2823 2199 2855 autem
2220 2818 2380 2855 faucium
2406 2819 2595 2865 palatique

373 2891 499 2930 ’opera
535 2889 575 2921 et
611 2885 819 2921 ministerio
847 2884 1013 2930 epulatos
1041 2885 1224 2930 quondam
1261 2895 1344 2921 esse
1373 2883 1475 2918 Nem.
1506 2882 1534 2924 Ι,
1564 2880 1714 2916 33-35
1751 2881 1866 2916 ἁδεῖαί
1892 2893 1933 2928 γε
1962 2882 2025 2928 μὲν
2053 2880 2269 2928 ἀμβολάδων
2297 2881 2333 2916 ἐν
2361 2881 2517 2924 τελεταῖς
2545 2880 2596 2923 δὶς

374 2944 662 2981 Αθαναίων
704 2958 772 2981 νιν
814 2946 975 2993 ὀμφαὶ
1016 2944 1204 2992 κώμασαν.
1268 2944 1363 2989 Quid
1402 2945 1499 2991 quod
1539 2944 1658 2989 ipsum
1692 2944 1870 2980 victorem
1908 2942 1975 2990 (νιν
2006 2962 2049 2971 2
2081 2941 2180 2990 eum)
2219 2943 2402 2988 epulando
2443 2943 2595 2979 fuerunt

375 3009 632 3053 consumpturi
648 3009 655 3043 1

503 3106 526 3143 ¹)
548 3106 583 3135 In
606 3106 690 3136 libro
713 3114 798 3136 meo:
828 3105 974 3143 §Binbat’ss
1002 3103 1039 3133 01.
1064 3103 1301 3142 &iegessgefdnge
1332 3112 1400 3140 pag.
1424 3103 1473 3138 53,
1504 3102 1559 3130 Nr.
1583 3102 1611 3136 4,
1644 3110 1668 3128 v.
1694 3101 1712 3129 2
1735 3100 1899 3137 legendum
1930 3100 1993 3129 erit
2023 3099 2089 3132 αι’ές
2118 3106 2179 3127 non
2209 3102 2314 3127 autem
2345 3098 2418 3136 αἰεί,
2450 3098 2480 3127 id
2512 3098 2595 3135 quod

375 3158 466 3188 metri
490 3156 623 3195 quadam
644 3157 834 3187 necessitate
856 3166 874 3186 a
897 3160 1010 3185 natura
1031 3163 1143 3185 versus
1167 3155 1186 3183 2
1209 3154 1424 3191 antistrophes
1449 3151 1651 3191 efflagitatur.
