2818 3572
1365 184 1422 239 1'5

277 317 323 360 ὃς
358 316 500 363 εὐμενεῖ
533 313 603 362 νὸῳ
639 312 806 361 ξεναρκεῖ
838 311 877 350 θ’
889 312 916 362 ¹)
928 313 967 349 ὃν
1002 312 1126 349 ἔδεκτο
1152 311 1337 360 Κίρραθεν
1373 311 1663 360 ἐστεφανωμένον
1699 311 1772 347 υἱὸν
1809 310 1894 359 ποίᾳ
1921 309 2117 359 Παρνασξδι
2145 310 2274 358 Δωριεῖ
2307 322 2345 346 τε
2373 310 2497 359 κώμῳ.

286 377 356 414 Hic
383 385 473 412 vero
501 374 661 421 quidem,
700 374 823 417 credo,
860 385 881 411 a
917 373 1022 410 dorio
1058 384 1259 420 coquorum
1296 375 1429 420 epulae
1465 372 1656 421 profectae
1693 372 1851 410 artificio
1888 377 2000 419 atque
2038 377 2215 417 tanquam
2251 372 2499 417 pulmentaria

286 438 468 485 quaedam
487 436 535 474 ad
555 436 658 473 olera
677 446 697 472 e
716 436 884 472 Parnaso
902 434 1060 472 maxime
1080 434 1259 480 decerpta
1278 439 1405 472 essent
1422 434 1609 471 adiectae!
1648 433 1743 478 Quid
1763 433 1941 480 quaeris?
1974 433 2103 470 Nonne
2122 432 2214 470 illud
2232 432 2499 469 bellissimum?

282 499 391 543 Quod
428 499 459 535 si
496 496 608 544 κώμῳ
645 497 682 533 in
718 496 838 542 epulis
873 496 1167 541 interpretandis
1204 496 1338 533 mentis
1376 497 1495 533 uteris
1531 495 1749 542 pertinacia,
1792 495 1977 540 quadrata
2014 494 2049 530 in
2086 494 2156 531 hoc
2193 494 2352 540 denique
2388 506 2498 531 versu

284 560 455 598 rotundis
483 557 699 601 mutaveris,
740 556 800 593 ubi
841 556 985 602 epula
1026 565 1109 591 esse
1137 553 1271 591 feceris
1303 551 1547 590 Ἀπολλώνιον
1576 553 1737 600 ἄθυρμα,
1774 554 1810 590 id
1839 553 1937 599 quod
1972 558 2032 589 est
2066 554 2111 590 de
2147 553 2259 601 κώμῳ
2296 554 2364 591 hoc
2401 554 2499 591 loco:

286 621 392 668 Pyth.
421 620 465 663 V,
495 618 646 655 20—23
674 617 796 664 μάκαρ
824 616 863 652 δὲ
889 617 950 652 καὶ
978 620 1050 659 νῦν,
1087 614 1257 657 κλεεννᾶς
1283 616 1336 650 ὅτι
1363 616 1469 663 εὖχος
1496 615 1565 662 ἤδη
1594 616 1693 661 παρὰ
1719 614 1904 658 Πυθιάδος
1940 616 2060 658 ἵπποις
2096 615 2186 651 ἑλὼν
2225 615 2361 659 δέδεξαι
2398 615 2498 650 τὲνδε

284 686 408 727 κῶμον
435 677 583 725 ἀνέρων,
602 676 846 713 Ἀπολλώνιον
874 677 1034 724 ἄθυρμα,
1063 680 1112 723 τῷ
1131 687 1171 711 σε
1191 678 1239 723 μὴ
1259 675 1406 712 λαθέτω
1426 676 1597 723 Κυράναν
1616 675 1753 723 γλυκὺν
1773 677 1862 724 ἀμφὶ
1882 681 1999 711 κᾶπον
2018 674 2229 723 Ἀφροδίτας
2248 675 2497 722 ἀειδόμενον

285 740 392 776 παντὶ
412 739 475 786 μὲν
495 738 607 774 θεὸν
627 739 736 774 αἴτιον
764 737 1020 786 ὑπερτιθέμεν·
1052 737 1131 780 Quo
1151 738 1231 773 loco
1250 742 1299 785 τῷ
1318 739 1483 784 pertinet
1501 739 1548 775 ad
1567 743 1688 785 κῶμον
1709 744 1821 785 atque
1841 739 2018 775 victorem
2047 742 2157 783 poeta
2185 738 2264 773 vult
2291 747 2497 773 commone-

284 800 366 838 fieri
399 811 445 837 ne
482 811 593 836 unum
621 799 690 836 hoc
719 799 971 844 obliviscatur,
1008 810 1100 835 neve
1128 799 1276 836 omittat
1309 801 1396 845 quin
1425 802 1534 838 deum
1563 801 1722 838 decursu
1750 800 1886 847 κώμου,
1922 800 2031 836 huius
2068 800 2252 841 carminis,
2290 798 2497 844 gratiarum

285 862 441 898 actionis
471 873 592 905 causa,
635 861 847 897 laudatione
883 860 1175 907 praedicandum
1204 871 1317 908 super
1345 863 1466 899 omnia
1494 867 1609 909 ponat
1635 862 1834 900 extollatve
1862 861 2065 909 principem
2094 859 2252 896 eundem
2281 863 2497 905 reportatae

283 924 462 959 victoriae
490 927 697 958 auctorem:
726 927 838 968 atque
866 933 966 965 vem,
995 934 1081 958 num
1117 924 1207 958 deus
1236 925 1355 969 epulis
1389 924 1469 959 cani
1504 935 1543 959 se
1571 922 1828 969 pateretur²)!
1885 924 1940 956 An
1970 932 2067 963 vero,
2103 926 2144 957 ut
2172 922 2244 956 iam
2273 921 2497 966 disputando

284 983 394 1021 finem
422 984 618 1030 imponam,
647 987 758 1030 poeta
785 985 865 1030 ipse
893 983 1021 1031 ταμίας
1049 985 1304 1030 epularum
1333 984 1447 1022 fuerit
1480 989 1521 1021 ut
1548 985 1676 1021 Isthm.
1708 985 1768 1027 VI,
1798 984 1948 1021 54-55
1976 983 2168 1031 Φυλακίδᾳ
2204 983 2274 1030 γὰρ
2310 981 2441 1029 ἦλθον,
2470 981 2498 1016 ὡ

284 1043 414 1090 Μοῖσα,
442 1044 570 1091 ταμίας
596 1044 724 1092 Πυθέᾳ
751 1056 789 1080 τε
817 1045 949 1093 κώμων
976 1044 1180 1093 Εὐθυμένει
1208 1056 1256 1079 τε.

408 1116 547 1151 Cetera
574 1115 647 1151 iam
674 1126 885 1161 pergamus.
2442 1165 2451 1172 β

407 1185 614 1232 ἐπέὐμενεῖ
638 1185 730 1233 τύχᾳ
835 1198 878 1223 ex
908 1186 980 1235 (ἐπὶ
1010 1199 1039 1224 c.
1071 1189 1145 1224 dat.
1170 1206 1215 1215 1
1236 1188 1296 1232 nui
1325 1188 1451 1226 (Slrunb
1481 1187 1566 1233 non)
1597 1188 1734 1223 amicae
1763 1186 1934 1222 fortunae
1964 1186 2194 1230 benignitate
2224 1190 2337 1229 atque
2358 1183 2496 1225 favore,

283 1259 351 1285 sur
379 1246 411 1284 le
434 1246 654 1293 fondement,
691 1258 758 1283 sur
785 1246 823 1284 la
846 1247 900 1294 foi
927 1248 1015 1285 d’un
1043 1247 1161 1285 desan
1189 1248 1419 1285 bienveillant
1456 1250 1487 1285 et
1520 1247 1677 1293 propice.
1732 1253 1850 1294 κοῦφα
1878 1246 2030 1295 βιβῶντα
2058 1248 2080 1284 i.
2111 1259 2142 1284 e.
2172 1249 2292 1284 tenero
2328 1248 2361 1283 et
2395 1244 2498 1282 molli

283 1312 318 1345 et
353 1307 546 1343 alacritate
582 1307 679 1342 omni
712 1307 924 1351 importuna
949 1309 1132 1353 yravitate
1158 1308 1373 1354 molestoque
1406 1308 1565 1354 pondere
1584 1307 1721 1352 pedum
1750 1307 1938 1342 tarditatis
1964 1306 2081 1342 soluto
2110 1306 2248 1352 levique
2274 1306 2415 1341 »incessu
2443 1304 2498 1340 vel

283 1370 449 1415 inyressu
478 1368 699 1404 accedentem
727 1369 787 1412 (ad
815 1371 878 1414 te).

408 1467 451 1503 V.
484 1467 541 1502 17.
586 1467 827 1513 Superiorum
863 1473 1071 1514 temporum
1106 1469 1256 1506 litterae
1288 1468 1395 1515 λυδίῳ
1427 1470 1497 1515 γὰρ
1531 1473 1731 1513 turpantur
1764 1468 1848 1503 illae
1882 1468 2027 1512 quidem
2065 1466 2174 1502 sorde
2210 1466 2282 1501 ista
2311 1466 2380 1511 γαρ
2413 1476 2495 1501 cum

285 1527 416 1564 fraude
445 1527 591 1564 intrusa
619 1528 809 1564 orationis.
859 1529 1084 1575 Ceteroquin
1112 1540 1242 1566 versus
1270 1529 1330 1565 hic
1359 1528 1679 1565 emendatissimus
1709 1532 1780 1563 est:
1811 1537 1967 1572 namque
1995 1539 2023 1573 ῳ
2051 1527 2088 1562 in
2116 1525 2184 1562 hoc
2214 1525 2323 1573 λυδὶῳ
2353 1536 2433 1562 cum
2452 1523 2495 1560 'A

409 1657 435 1695 ¹)
458 1657 594 1696 Propter
611 1659 688 1689 haec
703 1658 901 1697 potissimum
917 1659 1072 1688 rationum
1088 1663 1242 1689 momenta
1257 1658 1339 1688 haud
1355 1658 1497 1696 equidem
1514 1658 1659 1688 iuducere
1675 1666 1785 1696 queam
1809 1658 1837 1687 in
1861 1658 2004 1693 animum,
2029 1663 2062 1687 ut
2077 1657 2114 1687 ad
2131 1658 2287 1696 vulgatam
2306 1657 2495 1692 Ξενάρκειον

285 1708 431 1738 accedam
462 1709 660 1747 scripturam.
705 1710 784 1739 Nam
808 1709 839 1739 in
862 1720 888 1738 v.
914 1711 992 1739 1.-5
1023 1708 1171 1746 precibus
1201 1714 1294 1747 poeta
1318 1709 1497 1739 Hasuchiae
1526 1708 1601 1739 deae
1625 1710 1716 1739 Dices
1740 1709 1821 1739 filiae
1852 1709 1979 1739 adsistit
2009 1709 2215 1747 supplicibus,
2248 1714 2281 1739 ut
2303 1709 2494 1747 aequissimo

285 1759 572 1797 benignissimoque
597 1760 824 1790 Aristomenem
848 1761 1033 1798 Aeginetam
1055 1759 1250 1797 triumphum
1273 1760 1397 1790 laureae
1419 1760 1553 1798 Delphis
1575 1761 1656 1790 latae
1678 1760 1780 1789 animo
1803 1760 1941 1797 patiatur
1962 1768 2065 1797 agere,
2088 1769 2149 1789 non
2171 1765 2276 1791 autem
2298 1764 2333 1790 ut
2356 1761 2495 1798 patiatur

282 1810 384 1840 solum
407 1819 516 1841 verum
545 1810 638 1841 etiam
670 1815 704 1840 ut
733 1820 801 1841 eam
832 1811 1011 1842 ovationem
1042 1811 1087 1842 illi
1111 1811 1187 1842 velit
1209 1811 1372 1842 fortunare
1402 1813 1544 1849 beneque
1568 1816 1689 1841 vertere
1712 1812 1815 1842 faciat.
1859 1811 1980 1849 Quibus
2004 1820 2077 1841 vero
2102 1812 2248 1850 precibus
2272 1813 2338 1842 suis
2367 1817 2402 1842 ut
2424 1813 2493 1850 ipso

286 1870 343 1891 suo
367 1862 543 1891 ministerio
564 1861 763 1899 suffragetur,
787 1861 904 1892 idcirco
928 1862 1020 1892 fidem
1043 1871 1131 1892 suam
1155 1866 1298 1900 praestat
1320 1867 1411 1900 atque
1427 1861 1595 1899 pollicetur
1612 1862 1841 1892 Aristomenem
1864 1861 1988 1899 quidem
2012 1863 2051 1892 ab
2077 1862 2162 1892 omni
2178 1862 2208 1891 vi
2231 1867 2324 1899 atque
2347 1861 2497 1900 superbia

284 1920 410 1950 semper
432 1912 534 1943 fuisse
564 1912 793 1943 alienissimum
815 1921 999 1951 semperque
1022 1912 1163 1942 futurum
1186 1921 1263 1949 esse,
1287 1921 1386 1950 neque
1409 1921 1546 1950 unquam
1570 1921 1647 1950 opus
1670 1921 1737 1942 esse
1759 1917 1794 1941 ut
1815 1911 1930 1948 optimo
1952 1910 2221 1948 pacatissimoque
2245 1910 2314 1940 viro
2337 1911 2497 1942 Hasuchia

284 1961 315 1991 vi
336 1965 392 1992 aut
413 1962 562 2000 superbia
584 1962 741 2000 grassanti
772 1962 894 1992 obviam
925 1972 959 1993 se
987 1962 1027 1993 ad
1059 1962 1274 1993 obsistendum
1296 1963 1431 1994 obiiciat.
1475 1963 1610 2000 Etenim,
1643 1963 1687 1993 sic
1718 1964 1799 1994 enim
1822 1964 1925 2002 pergit
1948 1968 2036 1993 vates
2060 1963 2133 1992 dum
2155 1962 2293 1993 sollicita
2315 1971 2408 2000 prece
2441 1972 2497 1992 sua

285 2014 496 2044 Aristomenis
520 2014 608 2044 deam
631 2022 725 2042 causa
747 2014 867 2043 ambire
890 2013 1002 2050 studet,
1035 2013 1119 2043 haud
1141 2023 1277 2052 unquam
1301 2014 1386 2043 illum
1408 2015 1540 2052 quidem,
1571 2015 1597 2045 si
1621 2016 1791 2052 superbum
1815 2025 1848 2045 se
1872 2015 2104 2051 violentumque
2127 2013 2291 2051 gessisset.
2315 2013 2435 2051 Apollo,
2467 2014 2496 2043 id

285 2063 368 2102 quod
383 2063 460 2095 deus
477 2064 559 2094 idem
576 2073 612 2094 eo
628 2064 701 2094 fecit
717 2064 801 2102 quod
817 2073 880 2094 non
897 2073 1010 2102 passus
1026 2065 1125 2095 solum
1148 2070 1196 2095 est
1211 2065 1311 2095 virum
1328 2073 1435 2095 verum
1458 2065 1551 2095 etiam
1575 2065 1667 2095 iussit
1691 2066 1768 2105 ποίᾳ
1792 2065 1969 2101 Παρνασίόι
1991 2066 2144 2102 coronari,
2167 2066 2326 2096 hominem
2348 2071 2496 2102 tanquam

285 2123 378 2144 suum
399 2116 501 2152 tilium
526 2113 578 2151 (ὃν
598 2115 681 2154 υἱόν)
699 2115 925 2153 benignissimo
947 2120 1041 2153 atque
1064 2124 1100 2145 eo
1121 2115 1225 2145 animo
1250 2124 1310 2153 quo
1331 2116 1370 2145 ab
1392 2114 1568 2154 hospitibus
1592 2115 1715 2153 quidem
1739 2115 1805 2145 suis
1828 2123 1949 2145 omnem
1973 2115 2132 2146 inimicam
2148 2117 2210 2146 vim
2231 2122 2327 2154 atque
2350 2116 2498 2146 iniuriam

284 2165 455 2196 defendere
470 2167 552 2197 solet
566 2171 660 2204 atque
676 2176 883 2198 averruncare
906 2167 1044 2205 hospitio
1060 2168 1251 2205 excepisset:
1274 2176 1343 2196 cum
1359 2171 1460 2196 tamen
1485 2166 1566 2196 idem
1581 2166 1658 2196 deus
1681 2171 1788 2195 contra
1811 2175 1902 2203 quain
1920 2167 2114 2197 Aristomeni
2131 2168 2191 2197 iam
2208 2167 2336 2204 faceret,
2362 2167 2497 2205 Typhon

284 2216 518 2256 (Thyphoeum)
534 2218 701 2255 Gigantum
717 2218 890 2256 principem
907 2217 1169 2255 superbissimum
1184 2222 1277 2256 atque
1291 2217 1564 2255 injuriosissimum
1581 2217 1612 2246 in
1629 2218 1755 2246 numina
1771 2216 1950 2253 fulguribus
1967 2218 2158 2255 sagittisque
2175 2219 2240 2248 suis
2254 2218 2496 2256 perdomuisset.

284 2267 334 2297 Ex
350 2267 449 2297 altera
465 2272 568 2298 autem
585 2271 675 2306 parte
691 2277 754 2298 non
770 2267 930 2297 Xenarces
954 2265 1114 2305 pythicam
1137 2267 1246 2297 nescio
1271 2267 1340 2305 quis
1365 2276 1442 2305 quae
1465 2267 1517 2296 hic
1540 2266 1646 2304 agitur
1667 2266 1773 2297 retulit
1794 2267 1960 2297 victoriam
1977 2277 2085 2298 verum
2102 2268 2319 2298 Aristomenes
2335 2268 2495 2307 aegineta

284 2317 393 2354 Neque
416 2326 492 2347 vero
516 2321 622 2354 potest
645 2317 710 2347 ullo
735 2318 825 2347 modo
847 2317 974 2355 probari
990 2317 1082 2347 iustis
1104 2324 1159 2348 aut
1182 2319 1358 2348 confirmari
1381 2318 1573 2354 argumentis
1589 2318 1762 2347 Xenarcem
1785 2319 1919 2356 aliquem
1939 2323 2061 2356 patrem
2077 2328 2145 2349 esse
2162 2320 2372 2349 AristomcnIs
2399 2321 2497 2349 nostri

283 2375 355 2396 cum
378 2367 410 2397 in
433 2376 460 2396 v.
485 2367 605 2397 71—72
635 2376 696 2397 non
727 2372 855 2406 propter
875 2377 975 2398 unum
996 2369 1130 2408 aliquem
1152 2370 1305 2400 hominem
1337 2379 1446 2410 preces
1477 2378 1495 2400 a
1526 2375 1618 2408 poeta
1649 2374 1777 2408 propter
1808 2373 1914 2399 sortes
1946 2373 2039 2407 atque
2062 2367 2208 2399 fortunas
2236 2379 2288 2401 eas
2312 2379 2391 2409 quae
2413 2371 2499 2400 omni

282 2419 488 2456 universoque
509 2419 731 2457 Aeqinetarum
754 2420 861 2457 ρεπεν-ι’
888 2420 1090 2450 obvenissent
1119 2426 1212 2459 atque
1243 2420 1455 2457 contigissent,
1486 2419 1666 2449 fundantur.
1711 2420 1793 2457 Quas
1823 2419 1945 2448 easdem
1970 2419 2127 2449 Pindarus
2158 2425 2259 2451 sortes
2281 2421 2434 2457 ξεναρκεῑς
2454 2422 2497 2451 ait

285 2477 364 2506 esse,
389 2468 645 2506 quemadmodum
668 2469 787 2507 pariter
810 2469 841 2499 in
858 2480 884 2501 v.
902 2469 941 2499 23
964 2470 1097 2501 insulam
1121 2471 1221 2510 ipsam
1237 2471 1460 2510 Aeginetarum
1483 2471 1643 2509 praedicat
1665 2480 1734 2501 esse
1757 2470 1965 2507 ὸικαιόπολιν,
1990 2480 2060 2501 cum
2083 2477 2249 2510 praeterea
2272 2471 2496 2503 emendationis

284 2524 413 2551 nostrae
436 2529 585 2551 versuum
609 2521 738 2558 71—72,
762 2521 851 2550 cuius
874 2521 1078 2551 correctionis
1101 2520 1255 2551 decursus
1278 2521 1325 2550 sic
1347 2529 1380 2550 se
1403 2520 1514 2551 habet:

976 2592 1063 2620 θεῶν
1084 2590 1112 2620 δ’
1124 2588 1196 2620 ὄπιν

975 2636 1118 2676 ἄφθιτον
1140 2637 1234 2668 αἰτέω
1255 2635 1408 2674 {evocant-'6'
1432 2634 1592 2673 ὑμετέραις
1613 2637 1734 2673 τύχαις·

409 2707 526 2738 veritas
549 2713 580 2737 et
602 2707 672 2738 aliis
688 2707 816 2738 Pindari
839 2709 1039 2739 sermonibus
1064 2708 1159 2738 variis
1181 2712 1276 2746 atque
1298 2706 1523 2744 multiplicibus
1548 2711 1579 2736 et
1602 2715 1640 2736 cx
1664 2706 1709 2736 Ol.
1728 2706 1810 2742 VIII,
1835 2707 1956 2737 25—27
1981 2707 2047 2745 ipsa
2071 2707 2140 2738 luce
2163 2708 2280 2738 clarius
2304 2707 2381 2737 effici
2404 2716 2496 2745 posse

284 2754 448 2787 videatur:
470 2758 590 2793 τεθμὸς
612 2757 695 2787 enim
718 2768 763 2790 τις
783 2755 958 2786 ἀθανάτων
980 2757 1030 2785 καὶ
1061 2756 1166 2786 τάνδ’
1195 2754 1380 2793 ἁλιερκέα
1400 2754 1529 2792 χώραν
1551 2756 1801 2785 παντοδαποῖσιν
1821 2754 1976 2787 ὑπέστασε
1998 2759 2128 2795 ξένοις
2150 2760 2263 2788 κίονα
2284 2758 2497 2794 (δαιμονίαν

281 2815 365 2844 quae
383 2809 480 2838 verba
502 2808 534 2838 in
557 2808 686 2839 eandem
709 2817 801 2847 quam
823 2807 874 2837 hic
890 2817 916 2836 v.
937 2808 1058 2837 71-—72
1080 2808 1176 2845 locus,
1200 2807 1232 2837 in
1255 2815 1344 2845 quem
1367 2814 1447 2835 nunc
1471 2805 1572 2843 ipsum
1595 2815 1613 2836 a
1634 2806 1725 2836 nobis
1749 2808 1938 2847 anquiritur,
1961 2810 2149 2840 sententiam
2166 2809 2354 2845 precationis
2371 2808 2498 2838 conclu-

280 2855 423 2888 duntur:
447 2853 464 2886 ὁ
486 2855 716 2887 δ’ἕπαντέλλων
736 2857 848 2895 χρόνος
868 2855 970 2887 τωύτὸ
993 2856 1141 2893 πράσσων
1161 2856 1203 2894 μὴ
1225 2856 1318 2893 κάμοι
1342 2856 1360 2885 i.
1384 2864 1409 2885 e.
1432 2854 1474 2891 μὴ
1498 2855 1591 2891 κάμοι
1615 2853 1802 2885 ὑποστιῖσων
1824 2857 1911 2887 τάνδ’
1927 2856 2071 2894 ἁλιερκέα
2092 2858 2197 2896 χώραν
2217 2859 2307 2887 κίονα
2327 2859 2499 2895 δαιμονίαν

280 2904 383 2942 ξένοις
404 2908 666 2937 παντοδαποῖσιν.
709 2909 792 2939 Ecce
814 2908 969 2944 ξεναρκεῐς
991 2907 1054 2935 τῶν
1075 2905 1246 2942 Αἰγινητῶν
1265 2904 1368 2941 τύχαιέ

409 2977 432 3015 ¹)
456 2977 539 3007 Cave
561 2982 665 3008 autem
688 2977 810 3007 scribas
834 2975 941 3007 eodem
963 2975 1089 3005 laudato
1112 2974 1182 3006 loco
1204 2985 1273 3006 cum
1299 2975 1327 3005 Τ
1324 2986 1354 3014 y.
1375 2975 1583 3005 Mommsenio
1605 2976 1668 3005 sic:
1701 2976 1833 3013 Κυράνα
1856 2999 1986 3006 .....
2011 2977 2187 3016 ἅειδομένα.
2230 2977 2314 3007 Neve
2337 2986 2408 3007 cum
2431 2978 2498 3008 viro

281 3026 464 3058 doctissimo
497 3027 670 3058 interiicias
701 3027 797 3058 ullam
829 3027 911 3058 inter
942 3027 1022 3058 hanc
1046 3036 1155 3058 vocem
1178 3024 1362 3064 αἐιδομένον
1387 3031 1419 3058 et
1448 3026 1580 3058 alteram
1613 3027 1696 3059 illam
1720 3030 1815 3059 παντὶ
1836 3028 2082 3060 ἀίεῖὶηεῐίοῃεω,
2128 3028 2264 3058 Primum
2290 3027 2372 3058 enim
2395 3029 2499 3059 κᾶπον

281 3073 365 3113 'Aqua
382 3078 486 3114 ipsam
503 3077 658 3107 Pindarus
674 3076 815 3116 Cyrenen
829 3077 977 3116 appellat,
1001 3077 1113 3107 deinde
1129 3078 1312 3115 Apollinem,
1328 3077 1454 3115 Pythi
1461 3087 1477 3106 c
1488 3087 1509 3106 u
1520 3087 1549 3106 m
1564 3078 1657 3108 deum
1673 3079 1748 3108 facit
1764 3078 1825 3116 hic,
1849 3088 1909 3108 non
1925 3084 2029 3109 autem
2046 3087 2127 3108 nunc
2143 3078 2274 3107 maxime
2290 3078 2498 3115 Aphroditen,

280 3121 528 3164 αἐιδομένον
550 3126 631 3166 ἀμφὶ
654 3129 726 3158 κᾶπ.
751 3126 870 3166 Ἀφροδ.
893 3137 963 3158 cum
986 3127 1039 3158 ille
1062 3126 1195 3166 quidem,
1219 3136 1278 3157 non
1300 3132 1403 3157 autem
1425 3126 1484 3157 dea
1507 3128 1585 3159 haec
1608 3128 1758 3169 Pythicae
1780 3129 1874 3160 huius
1898 3128 2026 3160 laureae
2048 3132 2155 3159 auctor
2177 3129 2279 3159 esset!
