2818 3572
1397 261 1423 304 7

309 381 369 418 vel
386 380 477 417 illud
496 380 656 417 alterum
676 380 863 429 λαχοῖσαν,
883 390 1072 427 quorsum,
1101 392 1250 428 quaeso,
1271 381 1455 428 spectabit
1480 379 1713 427 compellatio
1732 379 1965 417 huiusmodi:
1994 391 2058 417 vos
2078 380 2225 427 appello
2246 391 2341 427 quae
2362 381 2520 418 incolitis

310 442 436 479 sedem
475 443 659 488 quandam
696 443 757 479 ubi
796 447 881 479 sunt
916 443 1006 488 pulli
1042 443 1167 488 equini
1204 446 1316 488 atque
1352 442 1377 478 ii
1410 441 1579 487 speciosi,
1619 440 1915 486 quandoquidem
1945 439 2093 485 Cephisi
2123 441 2225 476 vobis
2265 451 2384 486 aquae
2419 446 2519 478 sorte

310 501 551 539 obvenerunt.
608 502 714 547 Quid,
743 503 904 548 inquam,
933 503 1001 540 hoc
1030 504 1085 541 rei
1113 504 1237 541 esset?

432 573 619 618 Numquid
651 573 766 619 igitur
799 573 844 610 ab
873 584 970 620 aqua
997 575 1227 621 potissimum
1257 575 1347 621 pulli
1377 585 1478 611 suam
1513 573 1652 610 habent
1680 583 1859 618 equorum
1887 571 2043 609 formam
2072 574 2318 620 speciemque,
2355 584 2401 610 an
2430 585 2518 611 vero

310 634 347 669 in
375 645 419 669 ea
446 644 488 669 re
517 644 722 679 generosus
759 635 977 679 equinorum
1005 634 1103 671 fetus
1139 637 1325 681 pullorum
1361 635 1514 671 alendus
1542 638 1713 670 vertatur
1746 633 1927 678 inprimis,
1964 637 2004 669 ut
2041 634 2172 669 bonam
2199 635 2355 670 maxime
2384 645 2517 680 aquam

310 696 460 740 praesto
489 694 533 731 iis
562 694 781 732 habeamus!
819 695 898 732 Hoc
927 695 1074 741 quidem
1103 696 1221 733 dicam
1249 697 1511 734 bellissimum!
1555 695 1701 739 Quanto
1722 706 1809 731 vero
1839 695 1964 731 sanius
1992 699 2105 741 atque
2134 696 2403 733 consideratius
2432 697 2516 740 erit,

305 756 501 800 praedium
528 760 697 792 nostrum
726 755 917 792 Musarum
944 756 1034 792 illud
1062 756 1293 802 magnificam
1321 761 1432 802 atque
1461 757 1618 801 opimam
1645 754 1786 800 ylebam
1815 765 1918 790 suam
1946 754 2025 802 (τὴν
2053 755 2170 803 καλὴν
2199 755 2329 804 βῶλον)
2358 756 2514 792 eximiae

309 816 519 862 irrigationi
546 815 684 851 ὑδάτων
712 815 898 863 Καφισίων
926 814 1053 852 fluenti
1081 820 1272 862 acceptam
1301 816 1443 853 referre
1477 817 1599 862 potius
1629 826 1735 862 quam
1758 816 1886 861 pullos
1914 817 2084 862 cuiquam
2112 817 2169 852 vel
2198 818 2358 862 optimae
2387 829 2514 863 aquae.

309 876 558 923 Consequitur
595 877 680 913 inde
721 888 741 913 e
781 875 1118 923 ΚΑΛΛΙΒΩΛΟΝ,
1160 877 1248 914 vitio
1291 877 1447 922 quodam
1487 876 1678 921 irrepente
1724 876 1759 911 in
1810 876 2073 916 membranam.
2121 876 2259 914 factum
2300 889 2383 915 esse
2423 877 2513 914 illud

307 938 642 983 ΚΑΛΛΙΓΩΛΟΝ,
672 950 766 984 quae
794 943 924 984 postea
951 939 1046 974 rima
1070 949 1091 974 a
1112 939 1234 974 scriba
1262 938 1384 974 nescio
1413 948 1484 983 quo
1513 937 1661 981 expleta
1689 940 1748 971 est
1775 936 1826 971 ita
1854 941 1895 972 ut
1921 935 2028 972 fieret
2047 936 2387 981 ΚΑΛΛΙΠΩΑΟΝ,
2417 939 2514 983 quod

308 1000 400 1036 adeo
429 1001 478 1036 sit
504 1000 542 1035 in
570 1003 744 1045 promptu
773 1000 898 1043 cuivis,
928 1003 969 1036 ut
996 999 1091 1035 haud
1120 999 1290 1044 equidem
1318 998 1363 1034 de
1391 1009 1434 1034 ea
1462 1008 1503 1033 re
1524 997 1596 1032 iam
1616 997 1773 1042 amplius
1793 1001 1858 1033 aut
1878 998 2123 1034 cunctandum
2143 1003 2205 1034 aut
2227 999 2514 1035 concertandum

307 1072 390 1098 esse
419 1065 591 1098 statuam.

431 1132 688 1168 Certissimum
708 1137 833 1168 autem
853 1143 934 1169 esse
955 1132 1000 1167 ab
1020 1133 1100 1177 ipso
1120 1134 1231 1176 poeta
1250 1129 1397 1166 fluxisse
1425 1140 1497 1165 non
1522 1129 1568 1165 ab
1597 1130 1668 1165 alio
1698 1140 1881 1177 quoquam
1910 1131 1999 1166 illud
2027 1130 2267 1179 καλλιβῶλον,
2296 1137 2515 1177 argumento

307 1194 403 1230 idem
433 1193 616 1229 evincitur
652 1193 909 1237 potentissimo
947 1192 1076 1228 similis
1105 1191 1174 1227 loci
1202 1191 1329 1227 huius:
1367 1190 1472 1236 Pyth.
1504 1191 1586 1234 XII,
1617 1191 1766 1227 26—27
1798 1192 1848 1226 τοὶ
1878 1193 1974 1238 παρὰ
2003 1191 2210 1239 καλλιχόρῳ
2239 1191 2365 1226 ναίοισι
2394 1192 2515 1227 πόλει

306 1253 521 1300 Χαρίτων,
550 1253 745 1300 Καφισίδος
773 1254 809 1289 ἐν
837 1254 1018 1301 τεμένει,
1048 1266 1081 1288 κ.
1103 1266 1131 1288 τ.
1153 1253 1180 1288 ἑ.
1220 1253 1311 1289 Nam
1339 1251 1493 1299 Χάριτες
1522 1262 1595 1287 non
1625 1262 1667 1287 eo
1698 1252 1794 1296 quod
1821 1251 1957 1288 ibidem
1987 1252 2106 1297 pullos
2136 1254 2322 1298 speciosos
2351 1254 2517 1289 invenire

307 1318 508 1359 potuerant
535 1318 754 1350 convertere
783 1314 1028 1350 decreverant
1054 1316 1117 1361 τὴν
1146 1313 1182 1349 ἐν
1202 1312 1395 1360 Καφισίδος
1419 1312 1553 1359 τεμένει
1575 1311 1677 1347 πόλιν
1706 1312 1741 1347 in
1770 1312 1867 1348 illam
1898 1312 2127 1360 καλλίχορον,
2157 1324 2285 1349 verum
2315 1320 2516 1359 propterea

306 1376 475 1419 maxime,
497 1375 593 1421 quod
614 1375 750 1411 ibidem
772 1376 973 1420 spatiosum
995 1380 1106 1420 atque
1126 1386 1170 1411 ex
1190 1375 1348 1411 omnium
1364 1385 1490 1411 rerum
1506 1374 1679 1410 ubertate
1695 1374 2001 1410 otiosissimorum
2021 1374 2209 1410 hominum
2230 1373 2515 1411 refertissimum

305 1441 423 1486 χῶρον
461 1441 569 1474 erant
602 1440 744 1474 nactae.
802 1436 896 1481 Quid
924 1447 1011 1474 vero
1046 1436 1173 1480 Musis,
1210 1447 1281 1472 non
1321 1437 1426 1473 modo
1463 1447 1545 1473 cum
1582 1436 1692 1482 pullis
1731 1437 1961 1482 potissimum
1998 1437 2142 1482 equinis
2182 1436 2247 1473 sed
2284 1436 2397 1472 etiam
2435 1447 2514 1473 cum

306 1509 487 1545 equorum
523 1498 619 1534 omni
661 1509 798 1544 genere
835 1500 889 1535 rei
929 1500 1008 1535 est?
1063 1498 1179 1535 Valde
1215 1499 1311 1534 enirn
1341 1508 1427 1535 vero
1464 1498 1533 1535 hoc
1569 1508 1638 1543 ego
1671 1508 1815 1544 vereor,
1852 1509 1896 1534 ne
1932 1499 2021 1535 illud
2058 1499 2104 1535 ad
2139 1509 2322 1535 summum
2351 1498 2435 1544 equi
2464 1500 2514 1535 illi

306 1560 436 1604 pullini
473 1560 625 1605 egregie
662 1561 823 1596 calleant
858 1563 899 1595 ut
933 1559 969 1595 ἐν
998 1558 1133 1606 τεμένει
1159 1557 1367 1605 Καφισίδος,
1400 1559 1615 1604 petulanter
1653 1569 1691 1593 se
1728 1559 2034 1604 circumagentes,
2073 1560 2229 1597 choreas
2266 1559 2433 1606 Χαρίτων
2470 1571 2515 1597 ne

306 1618 521 1655 disturbare
560 1619 778 1664 potuissent.
834 1620 968 1665 Atque,
1006 1622 1047 1655 ut
1070 1619 1146 1664 jam
1184 1618 1369 1656 satietatis
1398 1619 1570 1656 vitandae
1600 1630 1711 1656 causa
1741 1620 1965 1664 concludam,
1995 1620 2040 1657 ob
2069 1631 2162 1663 eam,
2192 1622 2336 1667 opinor,
2366 1632 2513 1658 causam

306 1679 413 1715 sedes
441 1682 524 1714 erat
552 1678 742 1714 Musarum
779 1679 816 1714 in
845 1679 1036 1723 iugeribus
1065 1683 1141 1715 tam
1170 1679 1386 1725 praeclarae
1415 1679 1569 1715 sationis
1605 1684 1716 1725 atque
1746 1681 1889 1726 opimae
1918 1681 2107 1723 collocata,
2138 1682 2235 1728 quod
2265 1683 2334 1719 sibi
2365 1683 2513 1729 Cephisi

304 1751 484 1785 perquam
513 1740 667 1775 eximiae
696 1739 796 1776 facta
824 1743 907 1776 erat
935 1740 1130 1784 rigationis
1159 1741 1275 1785 copia.
1331 1740 1431 1783 Quae
1460 1749 1542 1774 cum
1570 1739 1623 1774 ita
1652 1739 1736 1779 sint,
1767 1742 1976 1776 necessario
2005 1742 2172 1787 liquebit,
2202 1754 2274 1779 non
2303 1743 2371 1780 hoc
2401 1755 2513 1789 porro

304 1789 557 1846 ΛΑΧΟΪΕΑΙ,
599 1812 727 1837 verum
766 1801 827 1837 illo
865 1801 1042 1838 vocabulo
1070 1791 1247 1838 ΛΑΧΟΪ(
1260 1800 1326 1837 ΑΝ
1363 1811 1408 1829 =
1445 1800 1620 1848 λαχοῖσαν
1664 1801 1925 1838 detrimentum
1968 1803 2151 1848 quoddam
2194 1804 2432 1841 membranae
2469 1816 2513 1841 ex

304 1863 502 1899 vetustatis
540 1863 663 1907 aliqua
699 1862 836 1908 injuria
873 1862 1014 1898 illatum
1051 1863 1167 1908 probe
1204 1863 1347 1898 sarciri.
1377 1883 1423 1887 —
1452 1863 1527 1897 αἵτε
1564 1866 1758 1907 poetarum
1797 1873 1897 1899 more
1933 1865 2094 1909 positum
2131 1869 2188 1901 est
2224 1876 2292 1912 pro
2329 1867 2367 1900 αἲ
2393 1876 2512 1912 neque

305 1925 503 1971 quidquam
532 1924 646 1961 habet
673 1923 897 1961 offensionis.
951 1924 1052 1961 Ordo
1080 1929 1204 1962 autem
1233 1926 1284 1962 sic
1313 1924 1425 1961 fuerit
1452 1923 1673 1961 struendus:
1704 1924 1777 1959 αἵτε
1805 1924 1918 1960 ναίετε
1945 1924 2051 1972 ἕδραν
2081 1925 2308 1974 καλλίβωλον
2337 1926 2512 1974 λαχοῖσαν

302 1985 488 2032 Καφισίων
516 1985 654 2020 ὑδάτων
682 1998 716 2020 κ.
746 1998 774 2020 τ.
805 1986 837 2021 λ.

427 2097 469 2132 V.
499 2097 522 2132 3
551 2096 702 2144 ἀοίδιμοι
731 2096 809 2145 βασ.
840 2107 912 2132 non
948 2096 985 2132 id
1014 2102 1083 2141 est,
1122 2098 1220 2144 quod
1248 2096 1345 2134 forte
1382 2097 1587 2143 putaveris:
1626 2096 1729 2142 diyni
1764 2096 1826 2142 qui
1862 2099 2048 2133 canantur
2075 2109 2204 2135 verum
2233 2098 2318 2135 hoc:
2360 2100 2513 2136 canendi

293 2158 511 2203 principatu
531 2162 639 2204 atque
657 2171 801 2194 summa
818 2158 994 2204 facultate
1006 2161 1201 2204 poetarum
1221 2158 1357 2194 animis
1376 2158 1423 2193 ad
1442 2158 1642 2193 canendum
1667 2157 1885 2193 vehementer
1913 2159 2248 2195 commovendorum
2269 2161 2513 2205 praestabiles

302 2223 410 2267 atque
421 2221 708 2267 potentissimae,
738 2221 861 2257 reines
882 2219 947 2257 des
967 2220 1098 2257 chants
1118 2219 1329 2266 puissantes
1349 2218 1606 2264 d'inspiration
1627 2228 1673 2254 au
1694 2218 1835 2254 service
1865 2217 1928 2255 des
1953 2223 2094 2264 poetes.
2125 2220 2170 2258 cf.
2192 2221 2355 2259 Nemeon
2376 2222 2440 2265 III,
2463 2222 2510 2259 79

300 2279 385 2328 πόμ’
397 2280 556 2328 ἀοίδιμον
576 2294 610 2316 κ.
631 2292 661 2315 τ.
683 2280 710 2316 ἑ.
732 2282 833 2327 potio
854 2281 1108 2317 efficacissima
1125 2281 1263 2317 haustu
1283 2290 1348 2315 suo
1368 2282 1561 2324 poetarum
1581 2278 1627 2314 ad
1647 2277 1924 2314 inflammandos
1941 2290 2072 2317 sensus
2088 2286 2285 2329 motusque
2305 2284 2510 2320 animorum

302 2342 477 2377 mentium
498 2343 828 2378 admovendarum:
849 2354 900 2377 un
919 2342 1094 2386 breavaye
1112 2341 1174 2386 qui
1193 2353 1216 2376 a
1235 2339 1278 2375 de
1296 2338 1333 2374 Za
1346 2338 1544 2383 puissance
1555 2349 1654 2382 pour
1674 2337 1705 2372 le
1723 2337 1843 2381 ebant,
1865 2339 2040 2386 breuvaqe
2051 2343 2231 2386 puissant
2250 2344 2509 2389 d’inspiration

301 2400 442 2448 lyrique
478 2402 523 2439 cf.
559 2403 662 2439 Pind.
698 2402 831 2448 fragm.
866 2401 1019 2437 Prosod.
1055 2401 1102 2437 67
1138 2400 1216 2449 (60)
1249 2402 1335 2448 πρὸς
1362 2398 1558 2446 Ὀλυμπίου
1588 2399 1666 2441 Διός
1699 2411 1739 2434 σε
1768 2426 1774 2433 .
1806 2426 1812 2433 .
1845 2426 1851 2433 .
1883 2427 1890 2434 .
1920 2400 2139 2449 κλυτὸμαντι
2166 2403 2298 2448 Πυθοῖ,
2335 2404 2509 2451 λίσσομαι,

299 2462 492 2510 Χαρίτεσσί
519 2476 556 2500 τε
584 2465 644 2499 καί
672 2466 735 2499 σὺν
763 2462 967 2512 Ἀφροδίτᾳ,
995 2463 1031 2498 ἐν
1060 2460 1184 2509 ζαθέω
1214 2462 1257 2508 μὲ
1285 2459 1380 2504 δέξαι
1407 2464 1503 2508 χορῷ
1533 2459 1700 2507 ἀοιδίμων
1728 2459 1898 2508 Πιερίδων
1928 2464 2128 2512 προφάταν,
2163 2466 2226 2503 ubi
2255 2467 2346 2503 satis
2375 2477 2442 2512 per
2471 2477 2508 2503 se

300 2528 359 2560 est
385 2525 635 2569 perspicuum,
664 2529 814 2570 poetam
842 2535 913 2560 non
942 2524 1022 2560 eius
1051 2523 1106 2559 rei
1135 2533 1246 2559 causa
1266 2522 1423 2567 Apollini
1444 2523 1602 2566 precari,
1633 2526 1673 2557 ut
1692 2523 1862 2567 accipere
1887 2534 1926 2559 se
1946 2525 2037 2560 velit
2057 2526 2245 2561 Pieridum
2265 2526 2508 2571 interpretem

299 2588 411 2630 atque
440 2595 662 2630 praeconem
682 2584 886 2633 (προφάταν
908 2596 954 2613 =
974 2584 1187 2633 προφήτην),
1209 2584 1304 2630 quod
1325 2583 1475 2620 eaedem
1496 2583 1570 2620 sint
1590 2584 1813 2620 carminibus
1843 2588 1955 2631 atque
1975 2586 2252 2624 laudationibus
2272 2587 2508 2633 dignissimae

299 2654 420 2689 neque
454 2645 572 2688 maiis,
612 2646 708 2689 quod
746 2645 775 2680 si
805 2656 886 2680 cum
916 2644 980 2691 Ty.
1011 2645 1262 2687 Mommsenio,
1293 2643 1453 2688 Bergkio
1490 2644 1572 2679 aliis
1602 2645 1798 2690 scripseris
1827 2645 1998 2692 ἀοίδιμον,
2034 2647 2174 2684 idcirco
2212 2649 2308 2694 quod
2346 2649 2394 2684 sit
2429 2650 2508 2693 ipse

299 2714 479 2750 perquam
507 2705 641 2750 dignus
670 2706 732 2750 qui
761 2705 931 2742 cantibus
960 2705 1200 2750 praedicetur
1227 2708 1338 2750 atque
1367 2703 1557 2747 efferatur,
1595 2715 1723 2741 verum
1751 2711 1954 2751 propterea
1983 2707 2176 2752 duntaxat,
2208 2710 2303 2755 quod
2332 2714 2396 2745 aut
2424 2709 2509 2746 illae

298 2769 365 2800 aut
392 2765 471 2810 ipse
500 2776 678 2801 summam
707 2765 844 2801 habeat
871 2766 1212 2811 potentissimorum
1241 2766 1442 2801 carminum
1470 2763 1713 2809 efficientiam,
1751 2765 1884 2810 quibus
1918 2764 2135 2812 effingendis
2164 2769 2330 2805 oratione
2359 2779 2509 2806 suorum

298 2826 478 2862 formulas
498 2827 696 2863 verborum
724 2827 935 2863 oblaturum
965 2838 1003 2863 se
1032 2837 1114 2862 esse
1142 2824 1351 2871 profitetur.
1389 2825 1563 2860 Ceterum
1591 2836 1635 2860 ne
1663 2827 1701 2862 id
1731 2828 1878 2871 quidem
1906 2839 2035 2863 verum
2064 2835 2133 2870 est,
2163 2831 2396 2866 scribendum
2425 2842 2509 2868 esse

297 2885 469 2935 ἀοίδιμον,
507 2898 589 2925 cum
617 2899 660 2925 eo
689 2888 768 2925 loeo
798 2888 843 2925 de
873 2898 944 2934 quo
971 2887 1044 2924 iam
1073 2895 1281 2923 sermonem
1316 2884 1543 2922 instituimus
1580 2891 1772 2933 appareat,
1808 2898 1891 2925 esse
1928 2890 2137 2936 appositum
2176 2891 2264 2929 illud
2300 2904 2371 2929 non
2408 2895 2509 2931 vocis

298 2948 485 2995 προφάταν
518 2960 645 2986 verum
679 2949 862 2997 Πιερίδων,
904 2950 956 2986 ita
998 2953 1039 2986 ut
1079 2949 1151 2985 iam
1195 2948 1454 2994 corrigendum
1495 2947 1664 2996 ἀοιδίμων
1703 2961 1786 2987 esse
1823 2951 2006 2997 videatur,
2049 2954 2271 3000 praesertim
2310 2965 2391 2991 cum
2430 2956 2509 2992 eius

298 3010 530 3053 potissimum
563 3011 618 3046 rei
656 3023 768 3048 causa
796 3013 980 3049 Pindarus
1017 3023 1056 3048 se
1085 3013 1201 3049 Musis
1230 3022 1378 3048 suarum
1416 3022 1553 3057 operae
1581 3012 1715 3047 virium
1744 3016 1993 3058 praestandae
2021 3027 2104 3052 esse
2134 3016 2356 3061 gestientem
2384 3017 2510 3061 prolo-

298 3069 436 3114 quitur,
475 3071 571 3116 quod
609 3071 678 3108 sibi
715 3073 863 3119 quidem
902 3072 1313 3111 honorificentissimum
1346 3084 1427 3110 esse
1455 3071 1623 3109 futurum
1659 3066 1847 3120 intelligit,
1886 3075 1915 3111 si
1950 3087 1989 3112 se
2017 3076 2176 3112 caeteris
2204 3076 2349 3121 potiore
2379 3076 2508 3113 Musae

297 3132 474 3177 tanquam
508 3133 756 3170 instrumento
792 3134 995 3171 voluissent
1033 3135 1098 3179 uti,
1139 3136 1274 3181 quippe
1312 3145 1405 3180 quae
1444 3133 1623 3171 mirificae
1661 3136 1735 3172 sint
1763 3136 1931 3181 poeticae
1968 3136 2265 3174 inflammationis
2302 3139 2509 3175 animorum

295 3190 504 3231 effectrices
533 3199 645 3241 atque
666 3195 855 3242 quibusvis
884 3196 966 3233 aliis
995 3196 1198 3233 carminum
1227 3195 1497 3233 fundendorum
1526 3197 1785 3241 potentissima
1814 3196 1991 3234 facultate
2021 3199 2247 3243 superiores.
2278 3219 2327 3225 —
2355 3198 2509 3245 λιπαρᾶς
