2818 3572
1424 172 1480 216 18

464 292 586 338 Atque
623 292 675 328 sic
710 290 993 336 interpreteris:
1032 291 1269 337 (Propterea)
1299 292 1407 337 quod,
1436 295 1522 337 post
1550 291 1632 328 illas
1660 300 1734 332 res,
1764 293 1930 326 monstra
1957 294 2163 327 evenerunt
2190 291 2298 328 mihi:
2337 291 2554 339 (propterea

340 352 504 400 quidem)
542 352 734 388 interdixit
768 350 935 387 hariolus
972 361 1134 396 aruspex
1172 352 1208 387 id
1238 352 1295 388 vel
1332 353 1457 396 negoti
1494 351 1654 397 incipere
1691 352 1777 385 ante
1804 350 1975 385 brumam
2003 352 2192 387 auctumni
2220 352 2323 389 novi:
2358 356 2397 390 et
2424 363 2470 390 ea
2496 358 2555 391 est

337 425 450 451 causa
484 413 699 449 iustissima.
756 412 859 456 Quae
897 415 983 448 sunt
1021 412 1057 447 in
1094 412 1189 448 hanc
1227 413 1383 448 maxime
1420 412 1652 457 explananda
1689 411 1930 447 sententiam:
1970 411 2136 448 hariolus
2172 422 2334 458 aruspex
2360 413 2554 450 interdixit

336 474 424 510 mihi
453 473 510 509 vel
539 472 701 518 incipere
739 472 776 508 id
804 472 931 518 negoti
960 475 1046 507 ante
1075 471 1194 507 brum.
1224 476 1319 508 auct.
1350 472 1446 515 novi,
1475 474 1677 517 propterea
1711 469 1806 516 quod
1841 474 1927 515 post
1953 470 2035 507 illas
2064 482 2125 508 res
2154 477 2320 510 monstra
2348 480 2554 512 evenerunt

336 535 423 571 mihi
453 533 601 579 (quibus
636 533 852 577 praemissis
889 537 1140 570 monstrorum
1177 534 1366 569 ternarius
1404 544 1578 569 numerus
1615 532 1828 577 exponitur)
1868 535 1906 567 et
1945 532 1981 567 id
2019 533 2115 577 quod
2152 538 2319 570 monstra
2347 541 2553 572 evenerunt

335 596 422 631 mihi
460 599 517 631 est
556 605 669 631 causa
707 594 984 642 (interdicendi)
1023 594 1226 630 iustissima
1263 597 1295 630 et
1332 605 1386 630 ces
1413 596 1510 629 sorts
1542 606 1609 640 que
1628 593 1700 639 j’ai
1728 604 1800 637 eus,
1828 592 1925 629 voild
1946 593 2186 640 precisement
2212 607 2283 633 une
2309 596 2435 633 raison
2463 597 2551 633 tres-

327 656 513 703 plausible
531 656 574 693 de
593 659 680 693 cette
699 655 849 703 defense.
890 655 1062 698 Videsne,
1092 654 1182 690 nihil
1212 655 1282 691 iam
1313 655 1477 701 subesse,
1508 660 1640 693 cuncta
1668 660 1790 693 autem
1821 660 1932 702 atquc
1962 657 2108 702 singula
2136 669 2244 704 quam
2273 659 2551 706 expeditissima

333 732 414 758 esse
427 722 443 757 i>
481 722 530 758 At
549 725 588 758 ιιι
610 722 823 766 obloqueris
844 719 931 755 mihi
953 718 1125 759 fortasse,
1156 728 1232 761 cur,
1264 718 1419 763 inquies,
1450 730 1592 754 omnem
1622 724 1662 755 ιιι
1692 718 1839 764 quidem
1868 719 1967 755 inter
1994 719 2102 755 haec:
2133 719 2299 756 hariolus
2327 725 2365 757 et
2392 733 2551 767 aruspex

333 781 517 817 sustulisti
555 780 858 818 distinctionem?
916 778 1092 823 Agedum,
1130 777 1214 812 audi
1245 782 1296 819 ιιι,
1328 779 1454 814 sodes!
1512 780 1601 816 Cum
1631 779 1726 816 enim
1757 780 1874 826 quivis
1903 780 2090 827 haruspex
2118 781 2214 818 idem
2243 786 2343 828 esset
2370 781 2547 826 hariolus

332 842 429 888 quod
464 842 561 878 idem
599 841 697 878 haud
733 841 844 877 etiam
884 845 1013 878 contra
1042 840 1165 876 valeat
1202 844 1240 876 ut
1276 842 1391 876 onmis
1429 842 1595 879 hariolus
1630 843 1725 879 idem
1755 843 1940 888 haruspex
1969 848 2085 880 esset:
2122 844 2159 879 id
2189 843 2337 879 minimo
2365 844 2546 888 gentium!

331 914 435 949 ergo,
466 916 547 941 cum
577 904 695 950 quivis
724 903 911 949 haruspex
940 902 1106 938 hariolus
1136 906 1236 937 esset
1264 902 1371 943 idem,
1408 904 1506 939 nullo
1536 908 1644 948 pacto
1673 905 1881 949 ponendum
1910 907 1978 945 est,
2017 904 2175 950 aliquem
2205 908 2246 940 ιιι
2273 904 2309 939 ιιι
2339 904 2548 950 haruspicis

330 967 445 1002 unius
481 966 640 1002 consulti
678 964 928 1009 acquievisset
963 963 1120 998 arbitrio
1154 967 1297 998 tantum
1333 962 1497 999 abfuisse
1532 968 1572 999 ut
1600 966 1750 1008 praeter
1777 963 2004 1009 haruspicem
2038 965 2197 999 alterum
2232 964 2386 1009 insuper
2413 963 2548 999 harioli

330 1030 440 1073 caput
469 1026 730 1063 arcessendum
762 1025 830 1061 sibi
859 1035 942 1061 esse
971 1024 1267 1059 existimavisset.
1298 1044 1346 1047 -—
1376 1022 1517 1058 Deinde
1548 1034 1618 1058 non
1648 1024 1753 1059 modo
1775 1024 1957 1070 persequi,
1988 1035 2113 1061 verum
2143 1029 2285 1062 tantum
2307 1025 2362 1061 vel
2391 1025 2548 1070 incipere

330 1088 366 1122 id
401 1088 526 1132 negoti
563 1086 758 1122 interdixit
786 1086 923 1122 homini
962 1089 1088 1120 nostro
1117 1084 1299 1119 hariolus:
1338 1088 1449 1127 atque
1479 1095 1558 1119 eam
1590 1084 1772 1123 Phormio,
1808 1095 1852 1119 ne
1877 1085 1952 1128 jam
1992 1084 2130 1120 diutius
2165 1090 2342 1129 urgeatur
2371 1089 2411 1120 ut
2438 1083 2546 1120 fidem

330 1158 432 1182 suam
471 1147 594 1183 datam
632 1147 834 1193 persolvat,
874 1147 1059 1192 inceptum
1098 1145 1217 1190 ipsum
1257 1145 1309 1180 rei
1348 1144 1415 1180 sibi
1455 1144 1607 1179 vetitum
1643 1155 1724 1179 esse
1762 1155 1831 1179 uon
1869 1154 1945 1179 rem
1985 1144 2099 1179 solam
2138 1154 2284 1180 causam
2323 1145 2543 1182 interseret:

329 1207 381 1242 ita
409 1207 517 1252 plane
546 1211 586 1242 ut
615 1207 684 1242 hoc
720 1206 775 1242 vel
803 1208 1019 1243 vocabulum
1055 1206 1261 1241 desiderari
1298 1206 1444 1240 omnino
1480 1205 1657 1240 videatur.
1716 1204 1946 1240 Oblitterata
1974 1215 2062 1240 vero
2095 1204 2163 1240 hac
2198 1217 2302 1242 voce:
2340 1206 2388 1251 id,
2425 1217 2545 1253 neque

329 1266 400 1302 iam
439 1271 557 1304 metro
595 1268 869 1313 impediebatur
911 1271 1103 1314 quominus
1143 1267 1233 1303 illud
1270 1265 1376 1309 veh,
1412 1267 1563 1302 detersa
1600 1265 1778 1302 inferiore
1814 1266 1946 1302 literae
1985 1266 2013 1301 L
2050 1267 2158 1309 linea,
2198 1269 2419 1311 praesertim
2462 1281 2543 1304 cum

328 1331 549 1372 punctorum
569 1327 737 1370 maxime,
768 1338 887 1374 neque
908 1329 1063 1365 aliorum
1085 1328 1242 1364 ullorum
1264 1327 1515 1363 adhibitorum
1536 1336 1556 1360 a
1576 1328 1713 1370 puncto
1734 1325 1966 1362 diversorum
1988 1326 2189 1372 signorum,
2210 1329 2414 1365 intervallis
2436 1340 2543 1366 voces

327 1388 497 1434 singulae
528 1389 723 1424 universIae
752 1389 851 1424 inter
881 1400 918 1424 se
948 1389 1111 1424 solerent
1141 1388 1355 1432 segregari:
1387 1387 1545 1431 pristina
1574 1386 1761 1430 scriptura
1792 1386 1871 1423 VCI
1900 1388 2022 1432 (VEL)
2050 1388 2123 1424 alia
2152 1399 2305 1434 prorsus
2334 1401 2413 1432 vox,
2443 1391 2543 1426 velut

326 1449 511 1488 Velvn
544 1449 566 1484 i.
597 1460 627 1485 e.
660 1449 860 1487 VC'l‘VI‘l'
899 1452 1077 1491 nostrum,
1116 1452 1227 1493 atquc
1264 1458 1308 1483 ea
1346 1446 1492 1492 quidem
1531 1446 1565 1481 iu
1602 1446 1856 1491 compendium
1895 1447 2048 1485 redacta
2084 1452 2215 1494 putata
2251 1452 2343 1486 erat.
2401 1449 2541 1486 Deinde

327 1514 416 1550 licet
436 1510 681 1556 Keniyhoffus
702 1522 746 1547 ne
768 1511 803 1546 in
824 1511 1068 1556 suspicionem
1098 1509 1244 1554 quidem
1274 1509 1397 1544 laesae
1427 1517 1448 1542 a
1477 1507 1731 1552 superioribus
1761 1519 1890 1544 versus
1918 1508 1965 1544 25
1995 1509 2223 1555 integritatis
2253 1510 2362 1546 ullam
2385 1512 2539 1557 venerit,

327 1585 409 1610 cuni
438 1573 672 1618 scripsisset:

986 1633 1083 1670 intro
1112 1633 1154 1670 iit
1182 1633 1217 1669 in
1246 1632 1349 1669 aedis
1380 1631 1607 1668 ATCRALIe
1625 1630 1717 1668 st
1746 1630 1886 1671 CANIS

326 1713 450 1746 tamen
479 1709 550 1744 iam
580 1707 626 1744 ab
655 1708 775 1744 altera
804 1707 866 1744 illa
895 1708 1084 1753 scriptura
1112 1706 1257 1753 (versus
1287 1704 1370 1752 27):
1401 1704 1547 1751 Anquis
1569 1716 1653 1749 per
1690 1704 1962 1750 inpluvium
1991 1704 2122 1741 decidit
2150 1707 2260 1742 menti
2290 1711 2440 1743 nostrae
2469 1718 2539 1743 non

326 1770 522 1806 subiicitur
550 1769 679 1810 solum,
710 1779 837 1804 verum
867 1769 1084 1804 obtruditur
1112 1768 1222 1804 haec:

1064 1838 1099 1873 in
1129 1838 1230 1873 aedis
1261 1835 1599 1872 ATRIAPLCNVS
1629 1835 1782 1879 CANIS,

322 1913 376 1947 ita
404 1911 550 1955 quidem
580 1913 620 1945 ut
648 1909 846 1953 praeteriri
877 1918 984 1952 posse
1014 1918 1245 1952 nequaquam
1276 1908 1455 1943 videatur.

448 1980 502 2015 Ad
531 1979 755 2025 singularem
785 1978 886 2014 aedis
913 1988 1105 2012 numerum
1135 1978 1179 2013 de
1208 1977 1392 2013 hominum
1424 1978 1605 2014 domicilio
1635 1980 1853 2021 usurpatum
1882 1976 1927 2013 cf.
1959 1977 2046 2013 Hor.
2077 1978 2196 2013 Carm.
2227 1979 2254 2021 Ι,
2283 1979 2333 2013 30
2352 1980 2381 2015 O
2403 1981 2527 2016 Venus

322 2043 452 2088 regina
479 2060 837 2070 —————
868 2038 1031 2075 vocantis
1063 2042 1145 2074 ture
1175 2041 1210 2074 te
1240 2039 1354 2075 multo
1390 2037 1568 2085 Glycerae
1597 2039 1767 2075 decoram
1798 2037 1962 2075 transfer
1991 2039 2027 2074 in
2056 2038 2188 2075 aedem.
2233 2039 2350 2076 Plaut.
2380 2041 2526 2078 Mostell

320 2104 366 2147 ΙΙ,
397 2103 431 2145 2,
459 2103 508 2137 44
538 2101 717 2146 Capitalis
756 2100 856 2135 aedis
884 2100 983 2135 sacta
1022 2103 1089 2134 est.
1121 2121 1167 2125 ——
1198 2100 1314 2136 Plaut.
1346 2101 1445 2135 Asin.
1477 2101 1503 2143 Ι,
1534 2102 1567 2142 3,
1597 2101 1644 2135 67
1683 2100 1784 2135 aedis
1820 2100 1923 2135 nobis
1953 2110 2041 2135 area
2069 2105 2137 2141 est,
2171 2110 2305 2145 auceps
2335 2110 2414 2137 sum
2442 2113 2521 2148 ego.

319 2167 412 2200 caet.
443 2185 490 2188 —
522 2163 628 2199 Atria
658 2160 785 2208 (plur.)
816 2165 900 2197 sunt
930 2161 1098 2198 cubicula
1128 2163 1262 2197 atrium
1293 2162 1606 2203 circumiacentia,
1638 2162 1672 2197 in
1704 2162 1798 2207 quod
1829 2162 1963 2197 atrium
1999 2162 2077 2206 ipse
2106 2162 2202 2206 pleni
2232 2163 2332 2197 canis
2360 2164 2535 2202 introitus

319 2225 521 2262 infaustum
551 2223 734 2269 quoddam
764 2233 869 2258 omen
900 2223 976 2259 sive
1007 2228 1209 2259 monstrum
1240 2224 1285 2258 ob
1314 2235 1394 2260 eam
1426 2225 1580 2260 maxime
1610 2235 1756 2260 causam
1788 2224 1987 2260 iudicatum
2017 2226 2085 2269 est,
2127 2222 2223 2267 quod
2252 2223 2287 2258 in
2315 2226 2421 2262 atriis
2449 2226 2534 2263 lecti

319 2285 483 2331 geniales
505 2285 621 2320 sterni
643 2285 813 2320 solebant
832 2285 1019 2321 Romanis.
1060 2285 1206 2320 Gallina
1235 2290 1357 2321 autem
1388 2288 1556 2326 canente,
1586 2295 1666 2319 cum
1697 2283 1816 2328 gallus
1846 2284 1946 2319 solus
1975 2293 2108 2319 canere
2130 2283 2294 2327 deberet,
2324 2286 2532 2331 adversum,

318 2350 473 2392 propter
510 2355 662 2381 uxorem
700 2346 777 2381 solo
815 2349 958 2381 tantum
997 2356 1152 2390 corpore
1182 2346 1410 2383 muliebrem.
1452 2345 1659 2387 conius-'ium
1689 2345 1860 2389 portendi
1891 2346 2086 2381 videbatur
2115 2346 2245 2381 solere.
2304 2347 2532 2383 Postremum

319 2417 349 2442 v.
381 2406 531 2442 28—:29
564 2405 632 2441 hos
670 2407 829 2452 quidem,
869 2417 960 2452 quos
990 2410 1113 2442 tamen
1144 2406 1333 2442 Bentleius
1363 2417 1506 2442 summa
1534 2416 1614 2441 cum
1653 2406 1822 2442 cautione
1857 2406 2023 2449 adiisset,
2053 2406 2296 2451 Ko'niqkoffus
2333 2408 2532 2445 voluntatis

321 2477 410 2501 suae
440 2470 633 2501 truncatos
664 2467 768 2501 nobis
800 2467 951 2510 reliquit
979 2466 1148 2507 arbitrio,
1178 2470 1289 2509 atque
1319 2476 1400 2500 cum
1430 2470 1468 2501 ct
1496 2476 1533 2500 se
1563 2476 1584 2499 a
1612 2466 1834 2501 medicorum
1857 2467 2010 2502 dixisset
2037 2466 2243 2511 profectum
2272 2479 2353 2504 esse
2381 2470 2532 2516 antiquo

318 2530 540 2571 praecepto:
569 2528 610 2561 ut
638 2526 798 2571 corporis
810 2529 940 2571 parles
959 2538 1051 2571 quae
1068 2526 1198 2561 sanari
1227 2538 1299 2561 non
1321 2530 1472 2572 possent
1501 2525 1715 2562 resecandae
1742 2529 1857 2561 essent
1884 2531 1922 2561 et
1950 2527 2067 2562 locum
2098 2532 2265 2564 nostrum
2295 2530 2531 2575 desperatum

315 2588 570 2624 iudicasisset:
612 2594 733 2624 tamen
763 2589 856 2624 adeo
887 2598 1004 2633 pauca
1033 2589 1066 2623 ιιι
1097 2588 1165 2624 hac
1195 2589 1362 2625 oratione
1394 2589 1569 2624 Terentio
1598 2589 1742 2633 reliqua
1771 2587 1869 2630 fecit,
1906 2592 1946 2624 ut
1974 2588 2180 2632 periculum
2211 2600 2292 2626 esse
2322 2601 2463 2634 verear,
2494 2595 2534 2627 ut

314 2652 426 2693 poeta
463 2653 601 2693 noster,
640 2650 668 2684 si
698 2650 743 2684 ab
773 2648 903 2684 inferis
933 2649 1086 2684 excitari
1117 2654 1254 2694 posset.
1294 2660 1337 2685 ue
1376 2650 1425 2686 illi
1456 2654 1611 2695 propter
1639 2650 1803 2686 membra
1832 2659 1899 2684 sua
1926 2648 2098 2685 mutilata
2126 2649 2305 2685 atrociter
2333 2655 2533 2696 reponeret

313 2719 404 2745 neve
426 2709 509 2755 lege
529 2714 659 2754 ageret
679 2721 758 2745 eum
780 2720 823 2745 eo
844 2714 884 2746 ut
904 2710 1070 2745 membra
1099 2710 1167 2745 sibi
1197 2711 1321 2746 ablata
1351 2712 1425 2746 suis
1456 2711 1515 2746 ille
1545 2712 1590 2747 ad
1621 2711 1892 2756 compensanda
1912 2711 2130 2756 adigeretur
2158 2715 2222 2745 aut
2250 2711 2295 2746 ad
2316 2711 2530 2756 chirurgum

313 2770 413 2806 illum
449 2771 689 2816 compelleret
723 2774 763 2806 ut
797 2771 827 2805 is
856 2770 1039 2806 hominem
1081 2770 1174 2806 male
1209 2775 1320 2816 atque
1360 2771 1615 2807 crudelissime
1652 2771 1851 2807 officiosum
1889 2770 1989 2806 illum
2028 2769 2096 2805 sibi
2135 2769 2363 2806 claudicandi
2393 2772 2529 2808 socium

312 2833 557 2876 comitemque
587 2832 731 2867 itineris
761 2831 984 2875 adengeret
1027 2852 1072 2855 —
1106 2831 1181 2865 llac
1211 2830 1306 2865 enim
1337 2831 1395 2866 via
1424 2835 1621 2876 grassatur
1649 2832 1893 2877 Koniyhoffus
1927 2836 1967 2867 ut
1995 2832 2099 2867 uobis
2129 2830 2219 2865 satis
2247 2829 2372 2866 infelix
2400 2836 2530 2868 auctor

312 2893 360 2928 sit
395 2892 450 2927 rei
489 2891 557 2927 hac
595 2892 738 2928 ratione
776 2891 982 2937 gerendae:
1025 2892 1171 2935 „verbis
1200 2892 1353 2935 igitur“‚
1384 2892 1514 2936 inquit,
1554 2893 1644 2927 illis:
1683 2895 1767 2927 αηέε
1794 2892 1962 2927 brumam
1991 2912 2037 2916 --κ
2067 2911 2114 2915 -
2145 2911 2191 2914 —
2222 2911 2267 2914 —
2298 2911 2345 2915 —
2372 2891 2530 2936 incipere

316 2954 465 2998 „eiectis
496 2963 625 2988 versus
655 2954 801 2989 exsistit.
832 2953 908 2988 hic:

982 3015 1149 3060 Aruspex
1180 3016 1316 3051 vetuit:
1348 3026 1441 3060 quae
1471 3019 1621 3051 causas-t
1651 3015 1887 3050 iustissima-⁴.

433 3113 625 3162 Diekirohi,
654 3115 779 3150 Pridie
809 3115 894 3151 Idus
923 3116 1006 3151 Jun.
1040 3116 1408 3152 MDCCCLXXVIII.

1492 3222 1620 3231 ‚-m.„·„-
1667 3222 1669 3224 -
1711 3214 1722 3234 Q

1718 3237 1724 3262 i

1366 3273 1439 3349 ,Ῐ
1477 3285 1537 3366 §A
1550 3274 1651 3343 ,77)
1722 3263 1741 3338 ιιι
