2818 3572
768 1077 1480 1150 COMMENTATIONIS
1527 1075 2009 1146 PINDARICAE

459 1252 997 1299 EMENDATIONIS
1036 1251 1430 1296 STUDIOSAE
1467 1248 1710 1300 ATQUE
1748 1245 2353 1292 EXPLANATIONIS·

1127 1400 1291 1438 LIBER
1325 1397 1649 1437 SINGULARIS

944 1537 1081 1581 Amnem
1114 1535 1306 1580 manuum
1339 1535 1410 1578 loo!
1444 1535 1572 1578 sumn
1606 1534 1841 1578 mumioni.

1306 1670 1489 1701 SCRIPSIT

1056 1808 1160 1849 JOH.
1189 1807 1285 1848 JOS.
1314 1807 1366 1847 D*
1395 1806 1739 1854 SCHWICKERT‚

1293 1929 1500 1952 PROFESSOR.

1379 2265 1415 2336 I.

418 2409 616 2479 Carminis
649 2438 821 2485 olympici
849 2439 881 2474 X
910 2437 996 2486 (XI)
1033 2439 1069 2474 in
1097 2439 1202 2475 libris
1239 2438 1405 2474 omnibus
1442 2441 1480 2473 et
1516 2442 1698 2483 quotquot
1734 2448 1861 2474 eorum
1899 2438 2068 2473 manibus
2099 2438 2229 2482 scripti
2258 2443 2295 2473 et
2324 2442 2505 2483 quotquot

293 2500 392 2546 typis
418 2498 592 2545 impressi
619 2498 714 2544 preli
743 2509 858 2544 opera
886 2502 971 2535 sunt
998 2510 1129 2535 versus
1156 2499 1256 2535 4—ss
1284 2500 1337 2535 ita
1363 2498 1441 2534 fere
1471 2498 1713 2534 exhibentur:

889 2579 918 2614 εἰ
946 2578 984 2615 δὲ
1011 2581 1074 2614 σὺν
1103 2579 1200 2627 πόνῳ
1228 2591 1278 2621 τις
1305 2580 1344 2614 εὖ
1372 2579 1534 2625 πράσσοι,
1564 2577 1772 2624 μελιγάρυες
1801 2579 1902 2623 ὕμνοι

890 2639 1044 2686 ὑστέρων
1073 2639 1170 2686 ἀρχὰ
1197 2638 1313 2685 λόγων

890 2700 1051 2736 τέλλεται
1079 2701 1140 2735 καὶ
1169 2701 1291 2735 πιστὸν
1319 2701 1436 2746 ὅρκιον
1466 2699 1637 2745 μεγάλαις
1666 2700 1818 2745 ἀρεταῖς.

420 2781 663 2818 Grammatici
700 2791 791 2827 quos
829 2780 1043 2825 corruptela
1079 2790 1153 2825 qua
1179 2779 1238 2815 hic
1266 2780 1367 2815 locus
1395 2778 1550 2815 affectus
1579 2784 1638 2815 est
1666 2781 1832 2824 quamvis
1860 2785 1993 2825 aperta
2020 2781 2169 2822 lateret,
2208 2791 2289 2816 cum
2318 2780 2363 2815 de
2390 2781 2505 2817 verbo

294 2840 398 2877 finito
426 2842 473 2877 ad
500 2842 688 2878 Pluralem
716 2842 818 2878 illum
846 2850 1040 2877 numerum
1060 2839 1273 2888 μελιγάρυες
1292 2839 1503 2885 pertinente
1527 2843 1684 2886 propter
1704 2840 1932 2887 singularem
1952 2839 2115 2877 τέλλεται
2134 2841 2269 2878 misere
2289 2839 2509 2878 laborarent

296 2912 453 2948 seseque
485 2907 718 2948 torquerent,
755 2904 931 2949 expedire
967 2914 1007 2938 se
1044 2902 1291 2937 decreverunt
1327 2902 1423 2936 omni
1459 2901 1676 2937 difficultate
1712 2903 1774 2938 illo
1812 2902 1910 2947 quod
1946 2903 1999 2938 ita
2032 2904 2198 2939 vocitare
2235 2908 2508 2939 consueverunt

296 2962 484 3000 schemate
519 2962 730 3008 Pindarico,
773 2975 844 3010 quo
873 2963 965 3000 alias
1003 2972 1148 3008 quoque
1184 2964 1325 2997 temere
1366 2965 1477 3007 atque
1513 2961 1706 2999 immodice
1749 2968 1835 3000 sunt
1870 2965 1939 3000 usi.
2003 2965 2047 3000 Vi
2084 2969 2207 3000 autem
2244 2963 2426 3000 formulae
2463 2976 2507 3001 eo

295 3024 441 3060 nomine
461 3024 691 3071 significatae
711 3024 868 3061 subiecti
887 3024 1043 3060 alicuius
1072 3024 1148 3059 sive
1176 3022 1369 3059 masculini
1398 3024 1473 3060 sive
1497 3024 1663 3062 feminini
1693 3027 1841 3072 generis
1871 3026 1991 3072 posito
2010 3025 2151 3061 Plurali
2179 3034 2332 3061 numero
2352 3024 2507 3062 verbum

295 3084 332 3120 in
369 3085 550 3130 singulari
586 3097 740 3122 numero
776 3086 863 3131 poni
891 3086 1020 3121 eadem
1057 3086 1202 3120 ratione
1229 3084 1460 3130 perhibetur,
1500 3096 1596 3130 quae
1632 3087 1751 3122 locum
1789 3087 1902 3122 habet
1938 3087 1975 3121 in
2003 3086 2138 3130 plurali
2166 3097 2320 3122 numero
2350 3087 2508 3123 subiecti

296 3143 512 3189 cuiusquam
532 3146 680 3190 generis
699 3145 880 3182 neutrius.
918 3146 1040 3191 Atque
1069 3144 1128 3180 hic
1156 3144 1225 3181 loci
1253 3144 1408 3180 maxime
1437 3154 1519 3179 eum
1547 3145 1728 3181 eiusmodi
1757 3156 1835 3182 rem
1864 3146 1969 3182 nobis
1998 3156 2082 3182 esse
2102 3146 2299 3183 Pindarico
2321 3147 2509 3184 schemate
