2818 3572
1302 203 1359 250 13

343 326 461 363 Porro
503 335 662 371 quonam
702 329 811 371 pacto
852 329 964 371 poeta
1001 325 1126 362 dicere
1165 325 1288 371 potuit
1329 323 1432 362 Nem.
1476 325 1541 370 IX,
1585 324 1683 361 1—-3
1729 323 1986 371 κωμάσομεν
2032 320 2117 370 παρ’
2162 321 2434 366 ’Λπόλλωνος

218 385 444 431 Σικυώνοθε,
463 384 606 430 Μοῖσαι,
635 386 699 421 τὰν
723 385 977 420 νεοκτίσταν
1000 385 1041 428 ἐς
1064 384 1166 421 Αἶτν
1174 397 1239 432 αν,
1268 385 1345 422 ἔνθ’
1363 385 1658 434 ἀναπεπταμέναι
1677 385 1797 430 ξείνων
1816 385 2018 421 νενίκανται
2036 383 2159 431 θύραι,
2179 384 2215 427 ἐς
2233 383 2434 431 Χρωμίου

219 446 332 496 δῶμ’·
362 447 453 486 ἀλλ’
488 447 604 485 ἐπέων
635 446 772 496 γλυκὺν
808 448 938 495 ὕμνον
970 448 1195 496 πράσσετε.
1250 447 1320 493 Qui
1348 449 1450 486 locus
1486 448 1718 495 gravissima,
1755 447 1898 494 opinor,
1934 446 2049 485 habet
2075 446 2123 484 ad
2151 445 2434 492 disceptandum

219 512 417 553 momenta,
453 519 575 555 neque
603 518 692 545 vero
725 509 832 545 maiis
869 519 979 555 quam
1014 508 1149 555 aliquis
1177 519 1197 545 e
1226 508 1422 545 Germanis
1458 508 1667 545 hominibus
1696 511 1807 553 poeta
1834 507 1904 544 hoc
1932 507 2083 544 dixerit:
2114 507 2316 554 agitedum,
2352 517 2435 544 mea

220 570 396 614 carmina,
439 569 622 616 epulando
668 570 815 616 quidem
860 574 1076 615 satagamus
1115 569 1359 616 gnaviterque
1400 569 1666 606 contendamus
1712 572 1754 604 ut
1790 568 2017 614 attinyamus
2054 568 2281 605 Rostockum
2321 571 2435 614 atque

219 629 444 668 Moltkianas
487 630 600 668 aedes
647 630 844 668 clarissimi
880 631 1038 668 militum
1075 630 1324 678 imperatoris,
1361 631 1406 667 de
1443 628 1626 677 epulando
1661 628 1721 665 hic
1757 629 1979 675 cogitaverit
2005 630 2202 667 Pindarus.
2258 629 2434 667 Ceterum

219 701 240 727 e
267 691 347 728 loco
375 691 606 738 potuerimus
631 692 708 738 jam
744 692 894 729 laudato
922 703 1068 737 eruere,
1107 704 1201 740 quae
1229 703 1291 730 res
1319 692 1364 728 ad
1394 696 1516 739 κῶμον
1544 690 1728 736 agendum
1757 694 1884 727 essent
1911 691 2156 727 necessariae.
2212 689 2315 727 Haec
2342 700 2432 728 vox:

219 753 392 800 κωμῳδία
425 765 491 790 suo
527 753 607 790 loco
643 754 773 799 primis
811 755 1042 800 temporibus
1077 754 1177 791 haud
1214 756 1260 792 de
1297 756 1370 791 alia
1405 765 1447 791 re
1485 753 1595 790 solita
1630 757 1688 789 est
1714 753 1873 798 intelligi
1902 756 2167 799 praeterquam
2197 752 2243 788 de
2271 752 2434 788 carmine

218 814 341 860 aliquo
370 814 478 859 quod,
510 814 698 850 ovantium
727 815 906 852 orationis
935 818 1070 862 specie,
1099 817 1258 854 hominis
1287 817 1443 863 alicujus
1470 814 1690 852 traducendi
1711 814 1902 850 voluntate
1921 813 2066 850 ludicra
2085 812 2181 849 male
2201 812 2435 849 dissimulata

220 886 302 911 cum
338 875 421 920 ipsa
456 874 718 911 ludificationis
754 881 878 913 mente
915 881 1104 922 ageretur.
1160 877 1249 914 Loci
1277 888 1364 914 vero
1393 876 1654 913 commoditate
1687 886 1754 911 sua
1782 885 1937 920 prorsus
1965 874 2121 920 egregii,
2161 884 2242 910 cum
2279 872 2433 910 mirifice

220 937 266 974 ad
294 937 506 974 institutum
534 941 704 973 nostrum
732 937 914 983 probandi
943 949 1055 974 causa
1083 937 1234 982 saciant,
1264 943 1350 975 sunt
1376 938 1435 974 hi:
1471 937 1527 973 Ol.
1549 936 1611 979 VI,
1643 935 1791 971 15—18
1821 934 2057 978 Ταλαϊονίδας
2085 937 2185 971 εἶπεν
2213 936 2250 971 ἐν
2279 934 2434 983 Θήβαισι

219 997 376 1033 τοιοῦτον
404 1009 435 1033 τι
463 998 568 1041 ἔπος·
599 998 754 1044 ,,ποθέω
781 1004 947 1046 στρατιᾶς
976 999 1169 1047 ὀφθαλμὸν
1197 999 1326 1046 ἐμᾶςιί,
1355 1023 1786 1033 ............
1816 998 1855 1031 τὸ
1883 996 2000 1046 (ἔπος)
2028 999 2089 1034 καὶ
2118 997 2217 1045 ἀνδρὶ
2246 996 2434 1045 κώμουῑ)

219 1058 376 1107 δεσπότᾳ
413 1064 484 1095 πᾶν
521 1059 594 1095 ἐστι
632 1059 855 1107 Συρακοσίῳ.
911 1060 1070 1098 Carmen
1108 1062 1235 1108 agitur
1262 1060 1398 1107 Agesia
1435 1058 1627 1096 cuiusdam
1666 1057 1736 1093 viri
1775 1058 1990 1103 syracusani
2029 1058 2270 1104 praedicandi
2309 1069 2432 1102 causa,

219 1119 389 1166 idemque
417 1120 574 1156 maxime
602 1125 661 1157 est
687 1120 750 1157 ille
779 1120 869 1168 ἀνὴρ
896 1120 1032 1168 κώμου,
1061 1132 1129 1158 nec
1148 1132 1237 1159 vero
1256 1121 1313 1159 vir
1331 1121 1525 1168 epularum
1544 1119 1735 1162 laetarum,
1764 1129 1891 1155 verum
1917 1119 2153 1166 triumphalis
2177 1123 2308 1157 cantus
2327 1123 2435 1167 atque

219 1181 355 1227 hymni.
386 1202 433 1207 —
462 1182 580 1218 Porro
609 1182 737 1218 Isthm.
769 1182 839 1218 VII
868 1182 1001 1229 (VIII),
1042 1182 1139 1218 1—5
1178 1183 1374 1230 Κλέανδρώ
1411 1195 1460 1224 τις
1497 1181 1619 1227 ἁλικίᾳ
1653 1192 1690 1215 τε
1725 1179 1851 1225 λύτρον
1889 1180 2041 1224 εὔδοξον,
2078 1180 2106 1215 ὦ
2134 1180 2217 1226 νέοι,
2247 1181 2433 1228 καμάτων,

219 1243 351 1289 πατρὸς
380 1242 516 1289 ἀγλαὸν
546 1242 777 1291 Τελεσάρχου
811 1243 909 1289 παρὰ
937 1242 1120 1290 πρόθυρον
1153 1242 1226 1289 ἰών,
1261 1244 1516 1292 ἀνεγειρέτω
1550 1247 1708 1288 κῶμον,
1736 1240 1941 1288 Ἰσθμιάδος
1974 1253 2011 1276 τε
2039 1241 2159 1284 νίκας
2188 1243 2345 1277 ἄποινα
2373 1242 2434 1276 καὶ

218 1302 349 1349 Νεμέᾳ.
379 1323 427 1329 ——-
463 1304 655 1351 ἀνεγείρειν
688 1303 802 1339 ἐπέων
835 1305 947 1350 οἷμον,
983 1304 1173 1351 ἀνεγείρειν
1208 1305 1312 1348 δόξαν
1345 1306 1447 1349 τινος,
1483 1303 1673 1350 ἀνεγείρειν
1707 1302 1825 1345 κῦδος,
1859 1301 2049 1348 ἀνεγείρειν
2082 1300 2206 1346 λύραν,
2242 1301 2434 1349 ἀνεγείρειν

220 1364 326 1413 μέλος
362 1370 448 1402 sunt
485 1376 612 1402 omnes
648 1365 718 1402 hae
755 1365 801 1402 ad
837 1375 945 1401 unam
983 1375 1108 1402 merae
1145 1365 1364 1403 Pindaricae
1397 1365 1662 1402 vocabulorum
1703 1363 1955 1409 copulationes
1992 1366 2104 1408 atque
2142 1363 2432 1401 coniunctiones.

219 1427 288 1462 Hic
308 1429 432 1462 autem
452 1427 557 1463 nobis
579 1426 833 1472 quaerendum
853 1430 921 1469 est,
951 1428 1127 1474 numquid
1147 1439 1235 1465 sano
1257 1428 1378 1474 capite
1406 1428 1478 1464 dici
1498 1436 1661 1473 unquam
1681 1426 1818 1471 possit:
1850 1424 2039 1472 ἀνεγείρειν
2069 1424 2212 1470 δαῖτα,
2242 1425 2434 1472 ἀνεγείρειν

219 1487 392 1534 δόρπον,
430 1488 621 1536 ἀνεγείρειν
658 1487 828 1522 δεῖπνον
865 1493 930 1524 aut
965 1487 1052 1534 fingi
1091 1490 1210 1535 possit
1245 1490 1377 1535 animo,
1427 1494 1576 1535 poetam
1613 1489 1658 1524 de
1699 1487 1816 1533 epulis
1853 1487 1999 1532 quidem
2034 1487 2127 1532 ipsis
2164 1486 2232 1523 hoc
2275 1487 2432 1523 dixisse:

219 1549 469 1597 ἀνεγείρεσθαι
505 1548 654 1596 κῶμονί)
708 1549 777 1585 Ain
806 1550 920 1586 vero?
958 1571 1006 1576 —
1042 1551 1205 1595 Minime,
1245 1553 1342 1598 quod
1378 1551 1550 1598 equidem
1587 1550 1807 1596 putaverim.
1863 1549 1979 1586 Porro
2018 1549 2196 1596 numquid
2240 1550 2285 1586 de
2325 1550 2434 1587 laetis

219 1610 338 1654 epulis
371 1609 440 1646 hoc
477 1614 606 1646 noster
643 1611 766 1647 dicere
803 1611 942 1656 potuit:
980 1612 1062 1649 illas
1095 1613 1241 1648 οἴκοθεν
1270 1612 1391 1648 οἴκαδε
1420 1612 1493 1647 ἀπὸ
1521 1609 1758 1656 Στυμφαλίων
1786 1608 1931 1657 τειχέων
1959 1609 2205 1644 ποτινίσεσθαι
2242 1614 2283 1646 ut
2311 1614 2370 1646 est
2396 1610 2433 1645 in

219 1667 274 1704 Ol.
298 1668 360 1713 VI,
382 1668 533 1705 98—99
553 1671 616 1705 σὺν
637 1669 674 1705 δὲ
693 1669 967 1717 φιλοφροσύναις
987 1672 1170 1720 εὐηράτοις
1189 1671 1339 1721 Ἀγησία
1359 1672 1496 1717 δέξαιτο
1516 1678 1638 1720 κῶμον
1668 1670 1843 1707 οἴκοθεν
1872 1669 2006 1706 οἴκαδ’
2034 1671 2116 1706 ἀπὸ
2145 1670 2431 1718 Στυμφαλίων

217 1728 364 1776 τειχέων
393 1730 719 1776 ποτινισὸμενον
749 1730 889 1777 ματέρ’
915 1732 1060 1779 εὐμειδῆ
1089 1744 1125 1768 τε
1154 1733 1336 1768 λείποντ’
1360 1733 1604 1781 Ἀρκαδίαν.
1654 1733 1750 1768 Ecce
1780 1732 1850 1767 iam
1880 1731 1924 1767 de
1953 1735 2181 1774 transverso,
2211 1737 2253 1767 ut
2280 1733 2431 1778 ineptiis

219 1788 385 1823 cumulus
405 1789 570 1831 accedat,
591 1788 718 1834 epulas
738 1791 920 1827 Arcadiae
933 1792 1084 1836 puellas
1103 1793 1222 1829 factas
1250 1804 1331 1829 esse
1351 1794 1518 1830 videmus
1546 1797 1658 1837 atque
1686 1792 1755 1828 hoc
1784 1792 1888 1827 nobis
1917 1791 2082 1827 nuntiari
2110 1790 2239 1835 epulas
2267 1802 2289 1827 a
2316 1795 2433 1828 matre

217 1859 285 1884 sua
313 1848 466 1897 (ματέρα
495 1869 505 1871 ε
532 1870 537 1879 1
572 1850 789 1898 ματρόπολιν
826 1850 871 1887 cf.
901 1850 1054 1899 Λοκρῶν
1083 1852 1219 1900 ματέρα
1249 1872 1283 1875 --
1322 1853 1475 1900 Λοκρῶν
1504 1851 1722 1900 ματρόπολιν
1760 1852 1815 1887 Ol.
1853 1851 1915 1892 IX,
1954 1850 2018 1900 20)
2058 1851 2252 1888 discedere
2281 1863 2430 1898 parare.

218 1908 341 1945 Euoe!
380 1910 500 1946 Euax!
539 1915 697 1947 matrem
732 1911 925 1955 epularum
954 1913 1151 1949 Arcadiam
1185 1916 1364 1951 evasisse!
1402 1925 1537 1951 vereor
1564 1919 1700 1960 autem,
1735 1918 1776 1949 ut
1812 1913 1857 1949 ab
1893 1914 1965 1949 ista
2001 1914 2201 1958 pastoritia
2237 1915 2432 1961 epularum

217 1973 336 2004 matre
356 1973 488 2007 tenues
507 1972 703 2008 admodum
724 1972 850 2017 Irique
870 1972 1002 2016 epulae
1021 1972 1127 2008 nobis
1146 1984 1191 2009 ne
1212 1973 1471 2010 adhibeantur.
1518 1974 1585 2009 Vel
1605 1974 1716 2009 etiam
1738 1974 1797 2017 qui
1818 1974 1939 2017 potuit
1958 1974 2156 2017 Pindarus,
2176 1977 2298 2020 posito
2319 1978 2432 2013 semel

216 2028 284 2064 hoc
314 2033 436 2076 κῶμον
464 2030 657 2076 epularum
684 2043 815 2069 nomen
845 2043 940 2075 esse,
969 2039 1134 2080 κρατῆρα
1163 2045 1312 2071 suavem
1341 2040 1379 2071 et
1405 2036 1564 2081 ingenue
1593 2035 1855 2080 liberrimeque
1876 2034 2100 2080 loquentem,
2131 2035 2244 2072 divini
2273 2038 2431 2082 quadam

216 2089 250 2124 vi
280 2091 439 2127 numinis
468 2092 657 2128 cuiusdam
686 2094 996 2139 potentissimum,
1034 2095 1266 2142 interpretem
1293 2096 1482 2143 appellare
1511 2097 1627 2143 ipsius
1655 2094 1824 2144 κώμουὶ)
1874 2095 2062 2142 Numquid
2090 2094 2253 2132 fortasse
2281 2096 2431 2145 κρατήρ,

218 2151 525 2194 quemadmodum
546 2164 612 2190 suo
633 2155 790 2200 quodam
810 2157 917 2192 modo
939 2158 1166 2194 rusticorum
1184 2159 1370 2196 hominum
1398 2163 1458 2195 est
1484 2159 1670 2195 interdum
1700 2159 1946 2203 copiosiorum
1966 2161 2080 2203 atque
2100 2158 2208 2193 nimis
2227 2157 2429 2194 effusarum

216 2210 422 2256 epularum,
453 2223 534 2249 cum
561 2213 614 2250 illi
645 2225 683 2251 se
712 2215 803 2252 cibis
832 2215 1169 2263 ingurgitaverunt,
1199 2218 1384 2265 interpres
1411 2219 1540 2256 eodem
1568 2219 1627 2256 hic
1657 2229 1801 2265 quoque
1829 2222 1938 2264 pacto
1967 2220 2042 2254 erit
2060 2218 2163 2255 Nem.
2186 2218 2249 2263 IX,
2277 2218 2432 2255 49—50

215 2271 442 2320 θαρσαλέα
482 2275 520 2310 δὲ
562 2279 660 2324 παρὰ
704 2284 931 2326 κρατῆρα
977 2279 1111 2324 φωνὰ
1150 2278 1294 2326 γίνεται,
1335 2278 1574 2325 ἐγκιρνάτω
1615 2291 1663 2321 τις
1705 2291 1755 2313 νιν
1797 2278 1933 2326 γλυκὺν
1976 2277 2142 2325 κώμου
2188 2281 2430 2327 προφάτανί

215 2335 375 2379 quinam,
406 2337 436 2372 si
457 2340 577 2382 κῶμος
599 2339 730 2382 epulae
752 2339 837 2381 sint,
867 2338 1115 2374 evocationem
1137 2338 1330 2374 ridiculam
1351 2339 1471 2383 poculi
1493 2339 1700 2374 administri
1722 2339 1913 2374 cuiusdam
1934 2338 2095 2376 faciendi
2118 2345 2159 2376 ut
2180 2340 2229 2377 sit
2242 2341 2431 2389 interpres

213 2395 426 2433 liberrimus
451 2396 575 2444 κώμου
599 2409 643 2435 eo
667 2399 737 2435 iste
757 2398 863 2434 nobis
882 2397 1023 2443 poterit
1049 2398 1211 2442 probare
1241 2398 1336 2443 quod
1364 2399 1561 2435 adseverat
1578 2411 1692 2435 vocem
1710 2399 1790 2436 fieri
1811 2399 2048 2436 audaciorem
2068 2405 2182 2447 atque
2197 2400 2429 2440 fidentiorem

214 2458 347 2503 poculo
382 2459 539 2495 maxime
575 2458 823 2495 auxiliatore?
886 2458 941 2494 An
978 2469 1067 2495 vero
1103 2458 1149 2495 de
1185 2459 1331 2506 integro
1369 2459 1440 2495 iam
1477 2459 1572 2495 vocis
1605 2460 1837 2505 potissimum
1872 2460 2120 2506 indigebimus
2158 2466 2201 2499 ut
2236 2462 2429 2509 epularum

213 2519 398 2562 possimus
434 2530 517 2555 esse
557 2520 694 2556 sociiP!
751 2521 916 2564 Quonam
951 2520 1083 2556 deinde
1117 2525 1226 2566 pacto
1261 2525 1452 2566 poetarum
1486 2522 1658 2567 princeps
1687 2522 1886 2567 lyricorum
1915 2522 2097 2558 aberrare
2126 2523 2162 2558 in
2191 2523 2283 2560 haec
2310 2526 2429 2570 possit

214 2583 255 2616 ut
281 2577 505 2626 profiteatur
524 2580 627 2618 Pind.
657 2579 790 2627 fragm.
818 2579 872 2627 (ἐξ
891 2579 1036 2628 ἀδήλων
1055 2581 1174 2630 ειδῶν)
1203 2582 1300 2619 inter
1321 2581 1495 2628 poculum
1523 2586 1561 2618 et
1588 2582 1715 2628 epulas
1743 2583 1898 2620 eandem
1927 2584 2164 2620 intercedere
2193 2595 2302 2629 quam
2329 2586 2429 2622 inter

214 2651 253 2676 se
289 2641 410 2686 ipsum
446 2641 647 2678 Pindarum
695 2646 808 2688 atque
843 2641 981 2678 Μοῖσαν
1025 2643 1289 2691 μαντευομὲναν
1333 2644 1533 2681 rationem:
1579 2643 1762 2679 Μαντέυεο
1798 2642 1954 2689 Μοῖσα,
1994 2645 2279 2692 προφατεὺσω
2317 2643 2428 2692 δ’ἐγώ

213 2701 275 2747 (2
297 2701 482 2749 προφάτας
503 2702 566 2748 μὲν
579 2701 608 2750 ²)
628 2701 733 2750 ἔγωγ’
751 2704 877 2750 ἔσομαι
896 2710 971 2749 σοῦ,
1000 2703 1173 2751 καθάπερ
1200 2704 1218 2740 ὁ
1246 2704 1383 2751 κρατήρ
1411 2704 1596 2751 προφάτας
1623 2705 1695 2740 ἐστὶ
1724 2703 1906 2752 κώμου)ἱί
1950 2705 2236 2750 Lepidissimum
2266 2717 2365 2749 sane,
2395 2708 2427 2743 si

212 2768 335 2801 tamen
372 2763 656 2810 lexicographos
692 2768 840 2801 nostros
870 2775 1070 2810 sequemur
1097 2769 1219 2812 κῶμον
1247 2767 1412 2800 nostrum
1442 2765 1700 2810 explanantes!
1757 2765 2028 2803 Consideretur
2055 2766 2209 2812 insuper
2236 2767 2337 2803 locus
2365 2766 2425 2804 hic

213 2825 268 2863 Ol.
306 2825 359 2861 XI
397 2824 475 2873 (X),
515 2824 664 2861 11—16
700 2825 776 2860 ἴσθι
811 2830 883 2871 νῦν,
920 2824 1184 2875 Ἀρχεστράτου
1222 2831 1297 2871 παῖ,
1335 2830 1427 2870 τεᾶς,
1463 2823 1694 2873 Ἀγησίδαμε,
1736 2826 1943 2875 πυγμαχίας
1979 2827 2101 2863 ἕνεκεν
2138 2831 2300 2874 κῶμον
2337 2827 2427 2875 ἀμφὶ

211 2886 375 2933 στεφάνῳ
424 2885 579 2934 χρυσέας
628 2885 751 2928 ἐλαίας
802 2886 962 2936 ἁδυμελῆ
1005 2888 1324 2935 κελαδήσω,
1366 2891 1434 2921 τῶν
1471 2885 1733 2933 Ἐπιζεφυρίων
1770 2889 1924 2936 Λοκρῶν
1964 2892 2090 2937 γενεὰν
2132 2889 2291 2937 ἀλέγων·
2334 2890 2427 2926 ἔνθ-α

211 2945 533 2996 συγκωμάξατ’
560 2974 722 2983 .....
753 2948 781 2984 ὡ
809 2948 951 2997 Μοῖσαι,
979 2964 1013 2987 κ.
1039 2963 1068 2986 τ.
1095 2950 1127 2987 λ.
1157 2955 1351 2998 postquam
1379 2953 1491 2995 poeta
1519 2950 1712 2986 consilium
1740 2961 1762 2986 a
1791 2962 1829 2987 se
1859 2950 1990 2988 initum
2019 2950 2179 2997 aperuit,
2208 2955 2427 2988 curaturum

337 3053 360 3091 ¹)
381 3049 495 3091 ἤγουν·
522 3054 670 3085 τούτου
697 3054 833 3093 κιόμου
861 3052 962 3095 ἥρωϊ
989 3056 1027 3087 cf.
1051 3056 1122 3086 τίνα
1143 3078 1268 3084 .....
1292 3053 1416 3092 ἄνδρα
1436 3056 1664 3095 κελαδήσομενς
1686 3057 1745 3096 (01.
1769 3058 1807 3097 ΙΙ,
1832 3059 1871 3097 2).

335 3104 361 3142 ²)
382 3104 418 3133 In
440 3104 523 3134 libro
545 3114 630 3136 meo:
653 3106 800 3145 ‘Einhar'ss
821 3108 859 3138 ⁰1.
877 3107 1114 3147 &iegessgeifinge
1137 3108 1227 3140 Strier
1242 3107 1318 3137 1878
1333 3115 1402 3144 pag.
1419 3107 1488 3143 134,
1511 3107 1563 3137 lin.
1581 3108 1619 3138 22
1636 3109 1720 3147 legas
1739 3108 1830 3147 ἔγωγε
1847 3119 1909 3141 non
1932 3116 2036 3141 autem
2059 3107 2150 3147 ἐγώγε
2173 3121 2198 3138 κ.
2222 3121 2246 3139 τ.
2271 3114 2295 3139 λ,
2320 3111 2427 3142 itidem

210 3162 377 3194 proparox.
401 3164 469 3194 pag.
496 3156 553 3186 135
576 3157 709 3187 column.
735 3158 754 3187 2
775 3157 829 3188 lin.
853 3157 872 3188 6
894 3157 1057 3198 legendum
1079 3162 1147 3189 erat
1169 3158 1248 3189 idem
1271 3157 1467 3189 vocabulum.

2218 3216 2237 3244 4
