2818 3572
1417 154 1475 199 16

330 274 451 311 vocali
486 274 599 320 longa
630 274 741 310 huius
768 271 949 309 Ἀσώπιον
981 272 1133 310 confluit
1164 274 1202 310 in
1239 273 1416 322 συνίζησιν
1450 274 1527 310 sive
1560 272 1826 321 συνεκφὼνησιν
1859 273 1988 310 eodem
2022 284 2178 319 prorsus
2206 274 2287 311 iure
2324 284 2396 320 quo
2423 273 2460 310 in
2487 273 2554 310 illo

332 337 554 382 pervulgato
582 334 873 380 passeribusque
901 335 992 380 ipsis
1021 335 1216 371 notissimo
1243 334 1419 382 Ἐνυαλίῳ
1447 334 1679 382 ἀνδρειφόντῃ
1707 334 1766 370 vel
1792 333 1905 370 etiam
1938 333 1975 369 in
2003 333 2072 370 hoc
2099 334 2220 371 altero
2246 334 2336 371 item
2364 334 2553 372 homerico

334 395 512 443 διακτόρῳ
539 393 788 442 Ἀργειφόντῃ.
844 394 942 432 Illud
971 401 1094 433 autem
1127 395 1238 431 huius
1267 395 1435 431 vocabuli
1463 394 1572 441 λυδίῳ
1600 405 1622 429 a
1652 393 1718 440 Ty.
1748 392 1989 429 Mommsenio
2017 393 2053 429 in
2081 394 2249 431 deterius
2277 395 2331 431 ita
2358 395 2553 441 deflexum,

334 460 377 493 ut
403 457 474 493 iam
503 459 605 492 esset
630 454 739 504 λυδῷ,
768 455 942 493 mendum
969 461 1029 494 est
1057 460 1177 494 metro
1205 456 1528 493 damnosissimum
1556 454 1852 492 existimandum.
1894 454 2061 501 Namque
2089 467 2110 492 e
2138 457 2350 502 praeceptis
2377 459 2552 494 metrices

334 520 428 555 artis
456 528 586 554 versus
615 517 674 553 hic
701 518 756 554 ita
783 528 824 554 se
852 518 987 555 habet:

1178 587 1713 597 ——————————————

457 649 499 687 V.
532 649 579 685 18
607 647 738 697 ἔμολον
767 646 1008 697 (ἘΜΟΛΟΝ)
1047 649 1261 694 corruptela
1297 653 1366 692 est,
1405 649 1729 695 reparandumque
1767 648 1819 685 sic
1847 649 1934 686 erit:
1965 649 2092 696 ἔμολεν
2121 654 2234 696 atque
2262 661 2306 686 ex
2332 647 2554 690 ’eMOACN

330 714 469 750 iniuria
497 711 656 759 quadam
684 711 885 747 vetustatis
914 712 1033 747 evasit
1060 709 1222 749 ΕΜΟΛ(
1234 709 1277 755 Ν,
1307 710 1402 746 undo
1431 713 1620 754 postremo
1649 708 1791 744 erroris
1820 708 1928 754 culpa
1955 708 2195 745 librariorum
2224 707 2439 746 ΕΜΟΛΟΝ.

457 782 601 828 Quippe
637 791 719 817 cum
756 779 994 815 manifestum
1032 783 1144 826 atque
1174 781 1209 816 in
1239 784 1414 826 promptu
1443 781 1503 824 sit,
1541 781 1665 817 verbis
1698 780 1768 824 his,
1802 781 2047 819 adnumerato
2076 781 2223 827 quidem
2260 779 2369 829 λυδίῳ
2397 783 2552 827 excepto

333 847 457 881 autem
486 839 614 888 οὕνεκ’,
641 840 687 878 iis
716 839 798 877 dico
827 849 922 885 quae
951 843 1038 877 sunt
1066 840 1165 878 inter
1193 846 1393 888 utrumque
1422 842 1655 888 interposita,
1690 843 1724 878 id
1754 844 1815 888 agi
1843 846 1884 878 ut
1911 841 2161 881 confirmetur.
2200 843 2297 887 quod
2325 842 2395 878 hac
2423 844 2553 879 subest

332 906 525 942 oratione:
562 909 682 950 κοῦφα
718 900 873 949 βιβῶντα
906 898 962 934 ἐπ’
989 900 1131 947 εὐμενεῖ
1164 901 1267 950 τύχᾳ,
1301 904 1505 949 eademque
1542 907 1672 949 aperte
1710 908 1831 951 κῶμον
1860 903 1882 941 i.
1910 913 1941 939 e.
1972 894 2230 948 triumphalem
2253 914 2427 948 pompam
2455 902 2553 940 lacta

332 966 501 1002 carmina
515 964 801 1002 conclamantem
816 964 925 1008 atque
938 961 1071 997 solutis
1085 961 1219 997 inertia
1234 962 1426 998 alacritate
1441 962 1646 1010 levibusque
1658 964 1843 1010 yressibus
1854 964 2071 1001 incedentem
2086 963 2232 1000 intueri.
2255 963 2553 1010 Interponendae

333 1037 422 1063 vero
460 1026 577 1072 ipsius
614 1033 798 1071 personae
835 1021 932 1058 vatis
969 1021 1039 1058 loci
1078 1022 1249 1058 relictum
1289 1027 1348 1059 est
1379 1023 1482 1062 nihil.
1537 1025 1574 1060 ἐν
1610 1025 1730 1073 τροπῳ
1762 1027 1799 1061 ἔν
1835 1037 1872 1061 τε
1907 1024 2070 1072 μελέταις
2099 1043 2143 1052 εῖτ
2174 1026 2211 1061 in
2239 1025 2346 1061 modo
2375 1028 2487 1071 atque
2515 1026 2553 1062 in

333 1086 699 1137 pronuntiationibus
736 1083 1037 1128 actionibusque,
1073 1082 1109 1119 iu
1138 1082 1248 1130 Ξὲείῑε
1285 1085 1355 1121 nub
1394 1084 1607 1135 Qortraqeu.
1663 1087 1785 1132 Igitur
1820 1087 1896 1123 λυδ.
1934 1087 1970 1122 ἐν
2002 1086 2102 1134 τροπ.
2140 1087 2176 1121 ἐν
2213 1097 2250 1120 τε
2284 1084 2400 1133 μελὲτ.
2438 1087 2552 1124 latine

333 1150 541 1187 revocanda
568 1152 680 1186 erunt
707 1147 755 1183 ad
782 1146 936 1182 haecce:
974 1144 1078 1191 lydia
1105 1145 1248 1181 ratione
1275 1157 1464 1183 numerose
1488 1147 1739 1193 yradientium
1775 1147 1825 1193 (in
1862 1146 2038 1195 [nbiidjem
2067 1147 2283 1196 ssaftidjtitte
2311 1160 2383 1185 aux
2411 1159 2478 1194 pas
2507 1150 2552 1185 de

333 1212 492 1249 cadence
520 1209 696 1256 marques
725 1208 748 1244 a
774 1207 811 1243 la
838 1206 1026 1254 lydienne)
1055 1209 1162 1253 atque
1180 1206 1370 1254 Lydorum
1388 1219 1516 1254 yenere
1535 1209 1725 1245 modorum
1747 1209 2115 1255 pronuntiandorum
2135 1209 2327 1258 (Asopium
2357 1210 2556 1247 concinens

332 1273 510 1311 Ἀσώπιον
539 1270 695 1319 ἀείδων).

455 1374 498 1410 V.
531 1374 577 1409 19
616 1373 639 1408 ἁ
667 1371 816 1409 Μινυεία
852 1392 859 1393 ε
922 1372 1083 1418 Minyeia
1188 1370 1318 1406 urbem
1347 1370 1556 1415 Minyorum
1594 1368 1638 1404 cf.
1670 1368 1822 1404 Hesiod.
1853 1369 1918 1405 Eo.
1949 1368 2080 1413 fragm.
2116 1369 2213 1405 LIII.
2254 1371 2302 1406 56
2330 1369 2479 1418 Ὕηττος
2516 1371 2554 1406 δὲ

332 1436 498 1482 Μόλυρον
528 1460 730 1469 ......
760 1433 901 1475 κτείνας
931 1458 1130 1467 ......
1161 1433 1259 1467 οἶκον
1297 1431 1554 1477 ἀποπρολιπὼν
1591 1427 1691 1475 φεῦγ’
1717 1428 1871 1475 Ἀργεος
1908 1428 2126 1477 ἱπποβότοιο,
2156 1430 2227 1474 ἷξεν
2256 1430 2554 1480 δ’Ὀρχομενὲν

331 1494 557 1531 Μινύειον·

457 1587 499 1622 V.
529 1586 579 1621 20
606 1592 668 1621 σεῦ
698 1582 869 1634 (Θαλίας)
897 1584 999 1619 ἕκατι
1060 1600 1071 1609 2
1105 1587 1167 1619 tuo
1197 1582 1383 1630 (Thaliae)
1413 1581 1540 1619 favore
1574 1586 1686 1627 atque
1724 1582 1902 1619 beneficio
1931 1581 2044 1629 (quod
2072 1583 2108 1618 in
2137 1594 2200 1620 eos
2229 1587 2430 1630 contulisti,
2468 1587 2555 1632 quia

332 1656 382 1691 te,
413 1647 722 1692 quemadmodum
752 1657 774 1681 a
801 1645 936 1690 Minyis
973 1645 1094 1681 edocti
1132 1647 1218 1679 sunt
1245 1647 1357 1688 atque
1387 1642 1560 1685 instituti,
1596 1641 1818 1689 coluerunt).
1874 1642 1929 1678 Ab
1958 1644 1999 1678 A.
2029 1642 2194 1680 Boekhio
2223 1646 2311 1682 vitio
2339 1646 2554 1692 inquinatus

332 1713 391 1745 est
419 1719 551 1745 versus
581 1708 643 1754 qui
671 1708 743 1744 iam
773 1711 949 1743 versatur
976 1707 1013 1742 in
1042 1705 1311 1749 disceptatione
1340 1705 1559 1739 immutante
1587 1702 1687 1737 illam
1717 1701 1952 1750 μελαντειχὲα
1981 1703 2146 1739 codicum
2167 1706 2285 1742 Paris.
2307 1706 2350 1749 G,
2371 1707 2501 1744 Medic.
2524 1709 2554 1744 B

331 1772 370 1803 et
398 1767 529 1804 Medic.
551 1768 581 1803 E
611 1768 838 1813 scripturam
867 1767 1207 1803 emendatissimam
1237 1764 1273 1800 in
1300 1764 1395 1799 hanc
1425 1761 1692 1810 μελανοτειχέα.
1741 1762 1782 1798 In
1813 1774 1882 1808 quo
1912 1763 1964 1799 illi
1990 1764 2146 1802 ridicule
2175 1767 2309 1803 accidit
2337 1779 2408 1805 non
2437 1770 2554 1806 solum

330 1833 372 1866 ut
411 1833 572 1866 metrum
611 1828 721 1865 huius
749 1838 882 1864 versus
920 1827 1041 1872 ipsum
1075 1836 1143 1871 per
1181 1835 1220 1860 se
1257 1826 1514 1868 corrumperet
1545 1833 1672 1858 verum
1708 1823 1820 1859 etiam
1855 1828 1896 1861 ut
1930 1825 1967 1861 in
2001 1836 2045 1862 eo
2078 1827 2131 1863 ita
2167 1828 2361 1865 laberetur
2389 1833 2431 1866 ut
2457 1829 2554 1867 idem

331 1894 505 1928 constare
543 1890 615 1927 iam
649 1889 799 1925 minime
833 1892 961 1934 posset
996 1898 1078 1924 cum
1107 1887 1252 1932 legibus
1290 1885 1454 1922 metricis
1492 1885 1672 1930 impositis
1706 1886 1832 1922 versui
1865 1891 1996 1923 octavo
2031 1890 2204 1934 strophes
2241 1902 2397 1937 quocum
2430 1897 2554 1930 tamen

332 1962 521 1999 congruus
549 1950 609 1986 hic
636 1960 721 1987 esse
749 1959 881 1985 versus
918 1950 1122 1993 oporteret.
1179 1946 1293 1983 Cuius
1329 1945 1600 1981 inconstantiae
1640 1946 1782 1982 consilii
1820 1952 1932 1994 atque
1970 1948 2094 1985 iudicii
2128 1962 2199 1987 non
2232 1962 2428 1996 possumus
2466 1953 2553 1998 quin

331 2013 508 2049 maiorem
539 2022 735 2048 cernamus
763 2011 876 2045 etiam
906 2009 1004 2053 apud
1038 2008 1103 2053 Ty.
1129 2006 1414 2042 Mommsenium
1443 2016 1653 2041 mensuram
1683 2007 1745 2051 qui
1773 2013 1973 2052 praeterea
2001 2009 2130 2045 vitium
2159 2011 2396 2048 Boekhianae
2424 2022 2554 2048 versus

333 2072 391 2109 220i
427 2073 636 2118 scripturae
665 2071 770 2117 operi
800 2080 866 2107 suo
894 2069 1064 2106 inseruit.
1119 2067 1265 2104 Versus
1291 2066 1313 2102 8
1342 2065 1516 2110 strophes
1545 2064 1597 2101 ita
1624 2070 1682 2102 est
1710 2068 1809 2112 apud
1837 2068 2057 2105 Boelchium:

1119 2149 1199 2184 οὔτε
1225 2149 1296 2196 γὰρ
1325 2146 1403 2183 θεοί
1431 2159 1462 2182 τι
1491 2146 1658 2194 Χαρίτων
1687 2149 1772 2196 ἄτερ

332 2236 369 2271 id
398 2235 496 2280 quod
525 2234 561 2269 in
591 2233 684 2269 hanc
714 2233 826 2269 abeat
853 2232 1050 2268 formulam
1079 2230 1288 2267 metricam:

1237 2320 1422 2328 ..ν-ν*
1434 2319 1654 2327 vvvvvv

457 2376 569 2413 Metti
589 2380 713 2412 autem
735 2385 866 2412 versus
887 2373 944 2410 :20³
965 2374 1050 2411 huic
1072 2373 1225 2419 congrui
1247 2371 1511 2418 Antistrophes
1532 2372 1629 2417 apud
1649 2373 1804 2409 eundem
1824 2373 2026 2410 Boelckium
2052 2385 2113 2410 res
2132 2375 2202 2411 hoc
2231 2376 2376 2420 geritur
2403 2376 2557 2413 ordine:

1200 2462 1691 2471 vvvvvvvvvvvvv

459 2518 621 2566 Tychom‘
649 2522 773 2555 autem
801 2517 1045 2554 Mommsenio
1073 2521 1192 2553 totum
1222 2517 1273 2552 sic
1303 2516 1464 2552 vertitur
1491 2516 1696 2561 negotium:
1752 2516 1794 2552 In
1822 2516 1864 2552 V.
1895 2516 1918 2552 8
1947 2515 2139 2562 strophes:

332 2646 465 2679 contra
493 2642 530 2678 in
560 2641 602 2677 V.
633 2641 682 2677 20
710 2639 992 2687 Antistrophes:

1200 2709 1691 2719 vvvvvvvvvvvvvv

456 2794 499 2830 V.
530 2793 580 2829 23
619 2794 772 2840 egregie
811 2797 923 2839 atque
962 2793 1246 2838 praestabiliter
1283 2804 1304 2828 a
1344 2795 1530 2839 scriptore
1573 2793 1725 2830 chartae
1764 2795 1956 2830 vaticanae
1990 2794 2019 2830 B
2054 2794 2124 2830 hac
2162 2793 2328 2829 κόλποισι
2364 2794 2554 2840 scriptura

332 2854 504 2891 absoluta
532 2854 597 2891 illa
624 2853 773 2896 κόλποις
810 2854 882 2890 iam
919 2854 1093 2890 inchoata
1120 2855 1280 2891 lectione
1317 2856 1501 2892 correctio
1537 2859 1606 2891 est.
1669 2856 1786 2899 Quam
1823 2856 2130 2902 emendationem,
2167 2860 2209 2892 ut
2244 2860 2302 2892 est
2336 2856 2393 2893 vir
2429 2860 2553 2894 mente

332 2917 441 2954 docili
470 2922 584 2964 atque
612 2917 703 2959 acri,
731 2917 768 2952 in
796 2928 902 2953 suum
932 2927 1078 2962 quoque
1107 2927 1212 2952 usum
1242 2916 1427 2952 convertit
1455 2915 1657 2951 Ahrensus.

456 3030 499 3066 V.
529 3030 589 3065 24.
619 3035 779 3076 πτεροῖσι
806 3041 840 3063 κ.
871 3040 900 3063 τ.
930 3027 958 3063 ἑ.
988 3049 1036 3053 —
1076 3030 1188 3075 πτερὰ
1224 3033 1310 3064 sunt
1345 3029 1449 3072 ipsae
1486 3027 1747 3063 lemniscorum
1784 3027 1940 3064 laciniae
1974 3027 2111 3064 circum
2148 3038 2321 3064 coronam
2358 3027 2394 3063 in
2432 3026 2554 3072 capite

331 3090 543 3136 impositam
571 3090 715 3126 alarum
744 3089 866 3125 instar
892 3099 1007 3124 aurae
1035 3087 1184 3124 flatibus
1213 3089 1377 3133 agitatae
1407 3087 1609 3124 fluitantes.
