2818 3572
1358 249 1387 294 5

267 372 326 405 est
339 368 426 411 oris,
448 367 553 411 cujus
569 367 711 411 pondus
728 368 847 412 possit
861 368 983 403 notari
999 368 1101 403 velut
1114 367 1277 403 Numero
1296 369 1313 402 1
1333 368 1585 413 cuiusquidem
1607 371 1694 402 tunc
1714 378 1782 412 pro
1802 368 1973 412 portione
1993 368 2134 402 numeri
2157 368 2191 402 id
2213 368 2387 412 ponderis
2409 378 2481 412 quo

268 438 335 464 vox
367 427 460 463 haec
487 426 635 474 γλῶσσα
672 427 855 472 premitur
882 427 997 464 fuerit
1026 428 1073 475 13
1102 428 1138 463 in
1171 429 1442 473 pronuntiando
1476 438 1599 464 versu.
1655 428 1892 473 Quapropter
1929 438 2080 464 necesse
2109 432 2165 464 est
2195 428 2319 471 etiam,
2353 428 2389 464 in
2418 427 2480 464 illo

267 498 377 524 versu
407 487 492 522 10ιὶὀ
516 497 640 522 vocem
669 487 817 534 γλῶσσα
845 497 925 524 eam
955 499 1101 534 quoque
1130 500 1235 525 suum
1265 500 1331 525 suo
1360 490 1439 525 loco
1459 489 1642 535 quoddam
1664 489 1891 524 contrarium
1911 489 2129 524 vocabulum
2150 489 2344 524 acerrimis
2365 488 2480 532 signis

266 559 483 595 expressum
516 549 694 593 invenire,
731 550 970 593 contrarium,
1008 550 1169 596 inquam,
1207 550 1387 587 eiusmodi
1425 551 1482 587 cui
1520 561 1600 586 cum
1638 549 1700 586 illo
1737 549 1779 585 ἐκ
1814 549 1902 585 θεοῦ
1931 547 1961 585 δ’
1987 550 2116 586 eadem
2152 549 2262 595 plane
2300 549 2345 585 sit
2383 549 2481 585 ratio

266 610 410 646 numeri
448 621 542 655 quae
583 610 793 646 intercedat
834 611 933 646 inter
975 610 1067 646 haec
1102 610 1251 658 γλῶσσα
1286 615 1324 647 et
1360 612 1525 659 ἁμετέρα.
1589 611 1684 648 Illud
1722 616 1845 647 autem
1884 612 1984 659 ἀνὴρ,
2024 612 2120 657 quod
2158 611 2267 657 culpa
2297 611 2480 657 Tychonis

268 672 499 708 Mommsenii
536 672 694 717 quadam
732 682 813 707 cum
846 671 978 707 fraude
1012 673 1190 708 orationis
1224 673 1389 718 irrepsit,
1427 673 1607 709 eiusmodi
1645 674 1873 708 contrarium
1902 672 1980 709 fieri
2016 673 2115 709 nullo
2152 674 2259 709 modo
2287 677 2411 718 potest
2439 677 2479 707 ut

266 731 413 773 efficiat,
450 742 570 778 neque
599 743 687 768 vero
721 732 828 768 maiis
861 732 924 768 illa
952 743 974 768 a
1003 732 1069 769 Th.
1099 733 1262 778 Bergkio
1295 737 1440 770 tentata
1476 733 1692 769 coniectura
1720 732 1782 768 ἀεί.
1841 733 1946 779 ὕμνος
1983 736 2105 769 autem
2144 733 2215 768 iam
2245 736 2346 768 esset
2373 732 2480 768 maiis

265 794 434 828 idoneum
469 792 655 836 quiddam,
692 803 819 828 verum
855 793 1008 828 offendit
1042 793 1078 827 in
1114 797 1289 827 metrum:
1328 803 1415 828 voce
1454 793 1559 828 nobis
1598 802 1688 836 opus
1727 796 1785 826 est
1813 793 1917 827 cuius
1947 793 2067 836 prima
2095 793 2218 828 brevis
2249 793 2295 826 sit
2325 792 2478 837 syllaba.

267 853 432 898 Agedum
451 851 669 888 vocabulum
690 852 725 887 in
747 863 817 897 quo
838 854 960 889 omnia
987 864 1031 889 ea
1059 853 1196 895 insunt,
1226 853 1358 898 quibus
1378 864 1505 889 earum
1527 852 1737 888 cumulatur
1758 864 1881 889 rerum
1905 854 2033 888 modus
2055 864 2149 898 quae
2178 864 2197 889 e
2226 855 2478 889 morosissimo

265 923 409 959 quoque
441 912 643 948 difficillimi
672 913 849 958 cuiusque
878 914 1008 950 iudicis
1038 914 1221 959 postulari
1249 914 1438 960 potuerint
1466 913 1613 955 iudicio,
1649 916 1705 948 est
1733 912 1801 948 hoc
1830 913 1925 957 ἔπος,
1955 912 2007 948 ita
2035 917 2076 948 ut
2103 912 2226 958 posita
2254 923 2297 948 ea
2326 923 2413 949 voce
2441 913 2478 948 in

266 974 361 1009 hanc
390 985 520 1009 versus
549 974 666 1008 nostri
696 979 828 1010 exeant
857 975 1205 1012 conformationem:

909 1103 1377 1111 .............
1407 1079 1450 1111 τα
1480 1077 1543 1123 μὲν
1573 1075 1726 1122 ἁμετέρα

906 1137 1054 1185 γλῶσσα
1083 1139 1279 1186 ποιμαίνειν
1308 1139 1444 1175 ἐθέλει·

907 1198 950 1232 ἐκ
977 1198 1066 1233 θεοῦ
1095 1197 1218 1241 δ’ἔπος
1246 1205 1370 1246 σοφαῖς
1399 1200 1507 1235 ἀνθεῖ
1532 1198 1764 1245 πραπίδεσσιν
1782 1197 1817 1241 ¹).

386 1298 469 1334 Jam
507 1298 551 1334 de
588 1298 735 1343 integro
773 1299 809 1335 in
837 1299 1045 1335 Pindaricis
1083 1302 1197 1345 copiis
1231 1302 1417 1346 coepimus
1456 1301 1661 1336 consistere
1699 1300 1734 1334 in
1773 1299 1903 1343 quibus
1938 1299 2021 1339 ἔπος
2050 1299 2071 1332 i.
2102 1308 2133 1332 e.
2165 1309 2309 1332 carmen
2337 1297 2474 1341 epicum

264 1359 408 1404 pariter
436 1364 548 1405 atque
577 1360 683 1406 ὕμνος
711 1359 928 1406 perficiatur
956 1366 1074 1408 σοφῶν
1103 1361 1271 1410 μητίεσσι.
1302 1361 1345 1398 cf.
1368 1361 1422 1397 Ol.
1445 1361 1473 1397 1.
1496 1360 1617 1396 8-11
1650 1359 1736 1394 ὅθεν
1765 1359 1782 1394 ὁ
1812 1359 2015 1406 πολυφατος
2044 1360 2171 1405 ὕμνος
2201 1357 2476 1406 ἀμφιβάλλεται,

262 1424 381 1465 σοφῶν
412 1420 581 1466 μητίεσσι,
612 1446 619 1453 .
650 1446 656 1453 .
688 1446 695 1454 .
727 1446 733 1453 .
764 1420 798 1461 ἐς
827 1421 960 1466 ἀφνεὰν
992 1420 1175 1466 ἱκομένους
1205 1448 1211 1455 .
1244 1448 1250 1455 .
1282 1448 1289 1455 .
1320 1448 1327 1455 .
1358 1421 1487 1465 ἑστίαν,
1516 1433 1550 1454 γ..
1581 1432 1609 1453 τ.
1640 1420 1670 1454 λ.
1711 1420 1822 1454 Cuius
1852 1420 1997 1463 quidem
2027 1419 2134 1459 ἔπους
2163 1417 2246 1452 aliis
2276 1423 2476 1462 praeterea

261 1480 350 1516 locis
387 1481 424 1517 id
454 1482 646 1526 proprium
684 1492 765 1516 csse
795 1485 906 1526 atque
935 1482 1121 1526 peculiare
1151 1483 1310 1525 dicatur,
1348 1487 1387 1518 ut
1424 1483 1473 1518 sit
1500 1481 1595 1528 ἐμῶν
1624 1485 1760 1527 φρενῶν
1789 1479 1899 1521 ἄνθος
1933 1484 1968 1515 et
1996 1479 2131 1526 γλυκὺς
2159 1480 2296 1525 καρπὸς
2325 1484 2473 1525 φρενῶν.

262 1541 339 1576 Hoc
360 1545 483 1577 autem
505 1542 588 1584 ἔπος
610 1542 717 1577 ἀνθεῖ
734 1547 858 1589 σοφαῖς
878 1541 1122 1588 πραπίδεσσιν,
1150 1543 1186 1579 id
1217 1544 1313 1589 quod
1343 1544 1526 1579 sincerum
1556 1546 1613 1578 est
1642 1546 1754 1587 atque
1784 1544 1912 1586 putum
1933 1541 2118 1577 Pindarici
2140 1552 2269 1577 aurum
2294 1541 2474 1576 sermonis

260 1602 357 1638 hand
395 1603 505 1639 ullius
544 1604 684 1639 vilioris
721 1603 860 1639 metalli
898 1603 955 1639 vel
989 1603 1198 1640 levissimae
1235 1604 1440 1649 particulae
1479 1604 1704 1640 admixtione
1742 1602 1984 1647 inquinatum.
2040 1602 2122 1637 Jam
2152 1611 2240 1636 vero
2279 1601 2369 1637 nihil
2402 1603 2475 1637 erit

260 1665 397 1709 negotii
435 1676 491 1708 ac,
529 1667 565 1701 ni
596 1665 716 1705 fallor,
757 1664 984 1701 difficultatis
1024 1665 1141 1701 omnis
1170 1666 1286 1701 nodus
1315 1665 1509 1710 expeditus
1538 1666 1622 1705 erit,
1662 1669 1700 1700 ut
1729 1664 1802 1698 voti
1832 1663 1949 1697 nostri
1989 1662 2176 1697 clausulae
2205 1661 2314 1697 huius
2344 1673 2473 1698 versus

260 1724 499 1761 oblitteratae
536 1725 615 1760 eius
655 1735 800 1770 quoque
836 1726 1116 1770 recuperandae
1145 1726 1327 1770 possimus
1355 1725 1434 1761 fieri
1465 1729 1664 1770 compotes.
1721 1723 1842 1764 Igitur
1875 1722 2047 1766 quidnam
2077 1722 2150 1756 erit
2178 1722 2276 1757 inter
2305 1733 2349 1757 ea
2378 1732 2473 1766 quae

259 1784 423 1828 proxime
453 1785 649 1820 retulimus
677 1789 789 1829 atque
817 1785 927 1820 haec:
957 1785 1033 1820 ἴσθι
1061 1790 1121 1819 νῦν
1140 1784 1242 1832 Ἀρχ.
1271 1790 1346 1828 παῖ,
1376 1789 1467 1827 τεᾶς,
1487 1783 1717 1830 Ἁγησίδαμε.
1746 1783 1952 1830 πυγμαχίας
1980 1783 2100 1817 ἕνεκεν
2129 1780 2321 1826 κελαδήσω
2350 1786 2472 1828 κῶμον

258 1843 418 1891 ἁδυμελῆ
449 1845 537 1892 ἀμφὶ
565 1845 728 1892 στεφάνῳ
757 1844 910 1893 χρυσέας
937 1844 1059 1887 ἐλαίας
1087 1849 1264 1890 tanquam
1292 1845 1481 1890 ligamenti
1511 1849 1622 1890 atque
1653 1845 1915 1881 commissurae
1944 1843 2134 1880 cuiusdam
2165 1843 2373 1878 sermonis?
2417 1843 2471 1879 Ex

258 1904 337 1950 ipso
357 1905 528 1950 apposito
549 1904 710 1953 ἁδυμελῆ
730 1906 867 1942 eminet
886 1909 997 1951 atque
1017 1909 1151 1948 exstat,
1180 1904 1293 1941 hocce
1313 1905 1523 1948 Pindarum,
1553 1906 1589 1942 id
1611 1907 1706 1951 quod
1727 1905 1850 1941 facere
1876 1909 1913 1940 et
1933 1904 2024 1940 alias
2045 1903 2185 1948 passim
2215 1909 2469 1939 consueverat.

257 1969 385 2002 nostro
407 1977 551 2012 quoque
571 1967 640 2002 hoc
659 1967 739 2003 loco
759 1978 781 2002 a
800 1967 879 2002 viro
899 1965 1113 2009 fortissimo,
1143 1967 1202 2002 cui
1222 1967 1394 2002 carminis
1424 1966 1477 2002 sui
1504 1966 1640 2002 obtulit
1658 1967 1847 2007 honorem,
1877 1965 1993 2011 probe
2013 1964 2108 2000 velle
2129 1965 2301 2012 intelligi,
2333 1970 2471 2011 quanta

256 2027 306 2062 sit
333 2028 419 2063 talis
447 2029 616 2074 tantique
644 2029 809 2064 muneris
838 2028 1082 2073 praestantia.
1126 2027 1438 2070 Quemadmodum
1469 2029 1564 2063 enim
1595 2030 1666 2063 alio
1695 2029 1774 2063 loco
1803 2027 1899 2071 apud
1929 2038 2010 2062 eum
2041 2026 2182 2071 legitur
2202 2027 2356 2062 verbum
2376 2028 2471 2062 vatis

255 2097 320 2124 ore
340 2099 422 2125 cum
442 2089 552 2127 laude
571 2090 746 2127 emissum
763 2088 876 2139 (ῥῆμα
895 2090 913 2125 ὅ
933 2101 983 2132 τις
1002 2089 1045 2125 ἀν
1064 2088 1139 2125 ἕλοι
1157 2089 1283 2136 φρενὸς
1302 2087 1368 2133 ἔξω
1388 2087 1554 2137 βαθείας)
1571 2088 1700 2124 victori
1722 2088 1835 2124 multo
1856 2086 1986 2124 maiori
2007 2087 2089 2123 usui
2110 2098 2192 2124 esse
2213 2087 2470 2134 potioremque

254 2148 362 2193 longe
383 2159 534 2194 operam
554 2160 692 2186 navare
713 2161 821 2196 quam
843 2150 1179 2195 splendidissimum
1199 2151 1517 2196 lautissimumque
1544 2154 1753 2185 statuarum
1781 2152 2038 2184 ornamentum
2072 2150 2180 2192 „dum
2210 2161 2292 2186 eum
2322 2152 2468 2185 centum

253 2209 399 2253 potiore
429 2209 545 2253 signis
573 2221 725 2245 munere
755 2210 904 2252 donat“,
926 2212 1233 2255 quemadmodum
1254 2213 1384 2247 crebro
1412 2213 1539 2253 iactat,
1569 2213 1741 2256 hymnum
1771 2211 1930 2254 aliquem
1961 2221 2066 2244 suum
2096 2211 2228 2246 victori
2259 2211 2467 2245 dedicatum

254 2269 438 2314 quoddam
474 2269 771 2316 desponsamque
800 2280 933 2307 munus
961 2281 1055 2316 esse,
1086 2281 1157 2318 quo
1185 2271 1246 2308 ille
1275 2282 1296 2308 a
1324 2271 1391 2308 deo
1420 2271 1577 2317 quodam
1608 2273 1802 2313 augeatur,
1841 2268 2150 2316 quemadmodum
2180 2270 2283 2307 illum
2312 2271 2468 2308 maxime

252 2330 588 2366 fortunatissimum
608 2332 802 2375 praedicat
820 2332 1015 2378 hominem,
1036 2334 1066 2368 si
1088 2343 1195 2378 quem
1211 2333 1324 2380 Χάρις
1340 2333 1546 2379 ζωθάλμιος
1566 2332 1753 2367 ἐποπτεύει
1773 2331 1944 2377 ἁδυμελεῖ
1961 2331 2144 2378 φόρμιγγι,
2160 2333 2466 2376 quemadmodum

252 2389 386 2428 flumen
406 2392 630 2429 laudationis
659 2404 703 2429 ex
732 2404 797 2429 suo
825 2393 1058 2438 potissimum
1087 2403 1152 2429 ore
1180 2392 1332 2428 victoris
1361 2393 1482 2437 palma
1510 2392 1675 2428 decorati
1704 2392 1856 2428 auribus
1883 2393 2051 2427 suaviter
2079 2393 2302 2437 obstrepens
2331 2392 2466 2428 Μοισᾶν

252 2462 334 2488 esse
355 2452 450 2488 δοσιν
470 2454 613 2496 statuit,
644 2464 716 2499 qua
745 2454 945 2499 singularis
974 2453 1164 2489 cuiusdam
1193 2453 1471 2489 benevolentiae
1502 2464 1613 2489 causa
1632 2453 1731 2488 viros
1760 2453 1805 2489 de
1833 2453 2004 2490 ludorum
2031 2453 2209 2499 praemiis
2238 2453 2466 2499 triumphum

251 2516 406 2557 agentes
443 2514 582 2550 donare
619 2524 658 2550 se
695 2514 894 2551 identidem
924 2518 1136 2550 asseverat:
1175 2513 1358 2549 ἱλάσκεται
1386 2513 1623 2558 νικώντεσσιν,
1653 2514 1704 2550 ita
1732 2524 1887 2559 prorsus
1915 2514 1996 2551 loco
2026 2525 2098 2560 quo
2128 2515 2199 2550 iam
2228 2516 2466 2551 immoramur

251 2582 333 2608 eum
353 2574 388 2609 vi
409 2573 567 2620 quadam
588 2574 784 2619 gravitatis
803 2574 872 2610 hoc
892 2575 1094 2621 expromit:
1125 2576 1183 2612 dei
1204 2576 1392 2612 cuiusdam
1413 2576 1559 2621 gratiae
1579 2575 1793 2612 beneficium
1819 2586 1914 2619 esse,
1946 2577 2043 2622 quod
2064 2577 2277 2622 Agesidami
2298 2577 2464 2613 omnibus

250 2633 417 2680 obsequii
437 2635 592 2671 cumulis
613 2634 755 2671 colendi
776 2645 888 2671 causa
907 2636 944 2671 in
964 2646 1046 2672 eum
1067 2635 1245 2672 conferat.
1288 2634 1366 2678 Qua
1386 2645 1466 2670 cnm
1486 2641 1609 2671 mente
1630 2640 1762 2681 poetae
1783 2637 1900 2672 nostri
1922 2647 2122 2674 consonum
2143 2649 2225 2675 esse
2246 2638 2462 2681 existimavi,

249 2695 344 2732 hanc
363 2695 478 2732 fuisse
499 2701 703 2733 extremam
723 2702 868 2743 partem
888 2708 1019 2734 versus
1040 2698 1190 2734 decimi:
1221 2698 1307 2733 ὅθεν
1336 2695 1433 2741 δ’ῶν,
1462 2698 1497 2732 id
1525 2699 1621 2742 quod
1642 2709 1772 2733 rursus
1803 2703 1861 2733 est
1889 2710 1908 2734 e
1939 2700 2099 2745 genuino
2118 2700 2305 2736 Pindarici
2327 2710 2463 2739 ‘genere

250 2758 442 2801 Sermonis,
474 2758 572 2803 quali
601 2758 674 2795 iam
702 2763 813 2796 antea
841 2759 896 2796 Ol.
927 2760 955 2802 I,
985 2759 1112 2796 8—10
1139 2760 1252 2796 ὅθεν
1285 2759 1303 2794 ὁ
1333 2786 1339 2793 .
1370 2786 1377 2793 .
1408 2785 1415 2792 .
1446 2785 1453 2792 .
1484 2759 1590 2805 ὕμνος
1623 2757 1898 2806 ἀμφιβάλλεται,
1927 2766 2047 2809 σοφῶν
2077 2762 2246 2809 μητίεσσι,
2276 2789 2282 2795 .
2313 2788 2320 2795 .
2352 2788 2358 2795 .
2390 2787 2396 2794 .
2427 2761 2464 2804 ἐς

248 2818 382 2864 ἀφνεὰν
402 2820 586 2867 ἱκομένους
605 2833 639 2855 κ.
661 2833 690 2855 τ.
712 2833 738 2856 ε.
766 2822 921 2867 contigit
948 2821 1054 2857 nobis
1082 2825 1124 2857 ut
1151 2829 1440 2857 occurreremus.
1481 2819 1740 2855 Emendationi
1761 2824 1885 2856 autem
1905 2832 2021 2863 meae,
2053 2823 2149 2868 quod
2171 2823 2215 2858 ad
2236 2822 2461 2858 voluntatem

248 2879 382 2916 attinet
410 2891 431 2915 a
460 2881 622 2918 carmine
658 2882 767 2918 huius
805 2882 995 2918 conditore
1033 2882 1071 2917 in
1099 2880 1217 2916 locum
1255 2882 1422 2915 nostrum
1459 2877 1637 2914 inclusam
1676 2879 2046 2928 redintegratamque
2077 2894 2097 2919 a
2126 2894 2193 2926 me,
2233 2881 2463 2920 confirmatio

372 3029 393 3067 ¹)
417 3030 465 3059 Ab
495 3031 534 3061 iis
565 3032 618 3069 qui
648 3032 731 3062 sorte
762 3033 873 3062 lecturi
905 3033 969 3062 sint
1000 3032 1114 3062 librum
1137 3037 1281 3062 nostrum
1305 3040 1320 3060 e
1344 3030 1394 3059 Fr.
1418 3030 1582 3060 Lintziana
1613 3031 1743 3061 officina
1767 3034 1797 3062 in
1823 3034 2030 3064 Treverorum
2054 3034 2167 3072 oppido
2190 3034 2407 3064 recentissime
2430 3035 2461 3064 in

245 3076 345 3107 lucem
371 3080 518 3110 emissum
541 3081 695 3119 publicam
711 3086 803 3121 atque
819 3082 879 3113 hoc
894 3082 1021 3113 nomine
1042 3083 1242 3121 inscriptum:
1267 3082 1465 3120 ffiinbur'}
1489 3082 1719 3121 olnmniicbe
1745 3083 1894 3125 Ξίεςεᾷ
1908 3085 2072 3125 geifinge
2095 3085 2134 3115 in
2157 3084 2461 3124 hurcbgreifenb

247 3135 263 3165 g
274 3129 363 3160 elfiu
376 3134 387 3161 t
398 3135 517 3163 ertem
544 3133 593 3165 ze
604 3138 684 3170 rte,
706 3138 782 3163 caet.
800 3133 1028 3164 modestissime
1044 3133 1179 3171 petimus
1203 3137 1237 3162 ut
1253 3132 1376 3171 dempto
1391 3132 1502 3163 mendo
1518 3135 1746 3173 typographico
1765 3131 1855 3166 ι’ἑνθιι
1875 3145 1943 3174 pag.
1968 3138 2003 3166 31
2031 3146 2056 3165 v.
2073 3136 2091 3164 2
2114 3136 2333 3175 antistrophes
2355 3137 2461 3173 legere

245 3176 342 3206 velint
365 3175 467 3207 α’νθιῖ.

2211 3238 2229 3266 2
