2818 3572
1442 252 1473 297 8

346 369 568 420 Ὀρχομενοῦ
596 373 616 407 i.
649 382 680 408 e.
714 370 927 407 Orchomeni
959 371 1165 417 splendoris
1194 372 1270 408 luce
1303 375 1410 419 atque
1437 371 1604 409 claritate
1627 372 1907 417 florentissimae
1933 375 2040 419 atque
2068 374 2256 420 opiparae.
2312 374 2564 411 Orchomenos

348 434 438 469 urbs
459 434 505 469 ad
525 434 659 469 ostium
681 443 752 478 quo
772 432 974 477 Cephissus
994 432 1031 468 in
1052 432 1202 478 Copaim
1224 433 1345 469 lacum
1364 431 1484 468 influit
1512 433 1548 468 in
1569 433 1664 469 valle
1685 432 1842 478 quadam
1866 432 1987 478 opime
2015 434 2175 480 irrigata
2202 440 2314 482 atque
2334 434 2564 471 feracissima

349 496 421 531 sita
449 498 542 531 erat.
577 493 856 531 Numerabatur
876 496 1000 529 autem
1020 493 1119 530 inter
1139 494 1398 539 antiquissima
1418 493 1697 539 clarissimaque
1714 493 1890 531 Boeotiae
1910 495 2056 541 oppida.
2074 517 2123 523 —-
2138 496 2313 545 βασίλειαι
2331 495 2562 544 Ὀρχομενοῦ.

348 554 521 591 Charites
549 564 624 589 una
653 563 734 587 cum
762 551 880 587 Musis
909 563 929 588 e
959 553 1108 588 sedibus
1129 554 1205 589 suis
1224 555 1332 589 avitis
1357 565 1451 599 quae
1471 554 1622 590 fuerant
1648 555 1685 589 in
1714 554 1928 599 regionibus
1957 565 2052 600 quae
2081 558 2127 593 ad
2156 558 2303 594 radices
2333 559 2426 594 sitae
2455 561 2563 592 erant

347 613 493 659 Olympi
530 614 609 650 eius
650 614 712 659 qui
749 617 808 648 est
844 612 880 647 in
908 611 1056 648 Pieride
1092 618 1332 650 excesserant
1368 614 1493 659 patria
1527 614 1714 650 Thracum
1750 625 1859 660 opum
1895 614 2095 661 lyricarum
2129 619 2235 664 copia
2271 618 2560 659 affluentissima,

345 679 458 721 atque
495 686 568 710 una
605 686 688 711 eum
717 674 937 716 Thracibus,
975 684 997 710 a
1025 685 1097 720 qua
1125 679 1236 720 gente
1265 676 1385 720 prima
1413 675 1556 721 origine
1586 686 1652 711 sua
1686 679 1868 721 utraeque
1906 674 2028 711 cultae
2065 685 2201 724 essent,
2236 689 2347 724 agros
2376 678 2561 724 petiturae

345 736 392 771 ad
421 736 568 772 radices
596 736 786 771 Heliconis
815 735 1028 771 adiacentes
1057 737 1395 782 commigraverant
1424 737 1460 772 in
1490 738 1690 773 Boeotiam.
1734 737 1920 773 Societate
1949 741 2072 772 autem
2102 742 2214 783 atque
2243 750 2357 775 causa
2385 751 2453 775 sua
2480 750 2560 774 cum

345 797 475 834 hilaris
513 797 586 833 illis
622 797 769 833 itineris
807 796 863 831 sui
901 796 1108 838 comitibus,
1146 797 1278 833 iisdem
1308 797 1435 838 Musis,
1474 809 1568 844 quae
1597 797 1756 833 libenter
1785 797 1990 842 gelidarum
2019 798 2175 834 maxime
2204 808 2385 844 aquarum
2413 798 2561 835 accolae

344 870 426 895 esse
467 860 599 903 solent,
639 858 919 899 communicata,
957 857 1180 894 Orchomeni
1222 859 1468 894 consederant
1504 860 1549 895 ob
1585 870 1667 895 eam
1704 858 1936 904 potissimum
1976 869 2137 901 causam,
2178 860 2275 904 quod
2312 859 2349 894 id
2386 859 2559 904 oppidum

344 918 524 965 Cephisso
561 921 620 955 est
647 916 852 954 finitimum.
910 917 1032 961 Quare
1069 922 1195 964 poeta:
1236 920 1322 964 αἵτε,
1358 919 1489 964 inquit.
1528 918 1642 954 ναίετε
1677 918 1781 965 ἕδραν
1821 917 1996 967 λαχοῖσαν
2032 918 2171 955 ὑδάτων
2199 919 2396 968 Καφισίων,
2426 920 2479 956 ita
2507 924 2558 959 ut,

343 980 638 1016 emendationem
667 983 854 1016 nostram:
884 980 990 1027 ἕδραν
1019 980 1193 1029 λαχοῖσαν
1218 993 1251 1015 κ.
1274 992 1302 1014 τ.
1324 980 1356 1015 λ.
1386 981 1486 1016 illam
1516 980 1662 1026 quidem
1690 980 1794 1025 large
1823 978 2013 1025 effuseque
2042 979 2294 1018 confirmatam
2324 992 2417 1025 esse,
2448 991 2554 1016 nemo

343 1041 465 1078 iturus
494 1042 544 1077 sit
570 1040 718 1077 infitias.

467 1141 506 1175 V.
536 1141 559 1175 4
588 1139 819 1186 παλαιγόνων
839 1138 979 1174 Μινυᾶν
1007 1152 1041 1174 κ.
1072 1151 1100 1174 τ.
1131 1139 1158 1174 ἑ.
1198 1140 1406 1185 Minyorum
1437 1153 1553 1186 genus
1582 1143 1745 1187 priscum
1774 1152 1903 1185 regum
1932 1140 2002 1176 fuit
2031 1141 2267 1184 Orchomeni,
2297 1142 2400 1177 cuius
2430 1146 2559 1178 auctor

342 1206 380 1239 et
415 1203 588 1249 princeps
625 1201 748 1248 gentis
785 1200 856 1238 fuit
894 1200 1051 1248 Minyas,
1089 1212 1110 1238 a
1147 1202 1249 1238 cuius
1287 1203 1451 1239 eiusdem
1490 1204 1635 1239 nomine
1674 1203 1856 1239 Homerus
1894 1201 1962 1250 (Ιλ.
1993 1201 2034 1251 β’,
2063 1202 2154 1252 511)
2194 1204 2324 1240 urbem
2360 1204 2561 1250 appellavit

341 1263 562 1309 ,,Μινύειος“.
618 1263 736 1306 Quam
776 1262 957 1307 originem
995 1263 1257 1308 appellationis
1294 1264 1432 1308 redigit
1469 1265 1506 1299 in
1542 1265 1756 1299 memoriam
1786 1264 2031 1310 Thucydides,
2069 1264 2130 1299 ubi
2160 1263 2431 1300 Orchomenum
2460 1265 2558 1300 illam

340 1324 516 1361 Boeotiae
545 1324 591 1361 ab
620 1325 694 1360 alia
723 1324 882 1370 quadam
912 1325 948 1361 in
978 1325 1139 1361 Arcadia
1168 1325 1240 1361 sita
1270 1324 1504 1362 Orchomeno
1534 1326 1699 1363 studiose
1728 1325 1952 1371 segregavit.
1995 1324 2126 1371 (Thuc.
2156 1326 2220 1369 IV,
2251 1326 2314 1373 76)
2342 1325 2559 1373 Χειρώνειαν

340 1385 389 1430 δὲ,
427 1387 449 1433 ἦ
487 1386 522 1428 ἐς
557 1384 820 1433 Ὀρχομενὸν
859 1386 928 1420 τὸν
967 1384 1166 1420 Μινύειον
1203 1385 1410 1432 πρότερον
1447 1385 1732 1432 καλούμενον,
1768 1390 1829 1419 νῦν
1863 1385 1901 1420 δὲ
1938 1384 2143 1421 Βοιώτιον
2180 1385 2347 1432 ξυντελεῖ,
2384 1386 2487 1422 ἄλλοι
2523 1384 2559 1429 ἐξ

338 1446 558 1495 Ὀρχομενοῦ
586 1448 788 1483 ἐνεδίδοσαν
818 1460 852 1482 κ.
885 1459 913 1481 τ.
945 1446 976 1481 λ.
1007 1467 1055 1471 -
1084 1447 1273 1482 ἐπίσκοποι
1302 1447 1438 1482 Μινυᾶν
1473 1449 1525 1483 ita
1553 1448 1703 1483 honoris
1741 1459 1853 1483 causa
1881 1459 1902 1483 a
1929 1448 2092 1483 Pindaro
2121 1448 2294 1484 Charites
2322 1449 2558 1493 appellantur

337 1510 360 1544 i.
391 1520 422 1544 e.
453 1509 707 1545 amantissime
736 1507 1043 1554 viyilantissimae
1070 1507 1233 1543 custodes
1260 1507 1488 1553 Minyorum.
1531 1508 1674 1554 Minyos
1703 1507 1785 1543 illos
1815 1507 1962 1553 quidem
1991 1511 2120 1552 gratos
2150 1508 2219 1544 sibi
2248 1512 2494 1553 acceptosque
2522 1508 2557 1543 in

338 1571 508 1606 manibus
538 1570 695 1606 maxime
724 1570 897 1606 Charites
935 1568 1136 1609 habebant,
1174 1579 1195 1603 a
1224 1569 1357 1612 quibus
1395 1569 1627 1612 potissimum
1667 1569 1800 1612 priscis
1839 1569 2053 1605 colerentur
2089 1570 2332 1614 temporibus.
2388 1568 2558 1603 Eteocles

338 1632 435 1667 enim
456 1631 602 1676 Minyae
623 1629 720 1666 filius
749 1641 892 1666 summo
913 1629 1036 1665 studio
1057 1630 1219 1665 traditur
1239 1634 1351 1674 atque
1373 1629 1564 1674 diligentia
1589 1629 1840 1666 elaboravisse
1868 1634 1910 1666 ut
1937 1641 2065 1666 eorum
2095 1631 2312 1675 religionem
2341 1630 2558 1675 aequalibus

339 1693 414 1729 suis
452 1692 743 1728 commendando
782 1702 889 1737 quam
931 1690 1111 1726 latissime
1146 1689 1334 1726 dilataret.
1392 1691 1481 1727 Inde
1520 1695 1644 1727 autem
1673 1696 1711 1728 et
1739 1692 1835 1737 quod
1863 1691 2047 1727 Pindarus
2077 1691 2113 1726 in
2142 1691 2210 1726 hoc
2239 1691 2402 1726 carmine
2429 1690 2555 1726 eodem

337 1755 493 1800 perinde
523 1765 594 1800 quo
623 1754 809 1790 Hesiodus
838 1752 998 1789 filiarum
1026 1753 1129 1788 Jovis
1158 1752 1273 1800 (θεῶν
1293 1754 1482 1800 κρατίστου
1507 1754 1647 1803 παῖδες)
1676 1754 1870 1791 Charitum
1899 1757 2142 1798 cognomento
2171 1753 2301 1796 utitur,
2332 1756 2370 1788 et
2397 1752 2491 1798 quod
2520 1752 2555 1786 in

337 1814 505 1852 ternario
542 1825 670 1851 earum
707 1824 861 1850 numero
895 1813 941 1849 ab
976 1813 1139 1850 Hesiodo
1174 1815 1339 1852 (Hesiod.
1370 1814 1476 1863 Θεογ.
1508 1815 1764 1861 907—911)¹)
1799 1814 2001 1852 constituto
2035 1818 2241 1859 permanet,
2284 1818 2322 1850 et
2351 1814 2446 1859 quod
2475 1814 2556 1849 aliis

337 1877 427 1912 locis
456 1886 577 1921 neque
605 1885 765 1920 unquam
795 1874 830 1909 in
861 1874 994 1911 studiis
1023 1879 1134 1920 atque
1164 1876 1306 1912 deliciis
1335 1878 1488 1914 deorum
1518 1879 1779 1924 numinumque
1808 1877 2022 1914 coelestium
2057 1875 2325 1922 persequendis
2354 1874 2400 1910 ab
2429 1874 2556 1910 eodem

338 1937 503 1972 Hesiodo
536 1940 601 1972 aut
634 1937 745 1971 ullam
779 1936 816 1970 in
849 1938 996 1980 partem
1029 1934 1129 1971 haud
1167 1936 1321 1973 aberrat
1356 1939 1391 1974 id
1427 1940 1523 1984 quod
1563 1940 1664 1976 velut
1694 1951 1775 1975 cum
1813 1939 1849 1975 in
1887 1938 1942 1974 Ol.
1979 1939 2069 1974 XIII
2105 1938 2151 1974 de
2189 1938 2375 1973 Horarum
2414 1937 2556 1981 origine

338 2002 451 2042 atque
481 1996 607 2033 officiis
633 1996 798 2041 loquitur
826 1999 1064 2040 perspectum
1093 1995 1284 2039 habemus,
1315 2000 1375 2035 ubi
1405 2003 1522 2036 testes
1552 2012 1676 2036 sumus
1706 1999 1995 2036 coniunctissimi
2023 1998 2174 2034 Pindari
2200 1999 2321 2034 Horas
2350 1997 2557 2033 inducentis

338 2059 615 2096 Corinthiorum
651 2057 855 2093 maioribus
890 2057 926 2092 in
960 2061 1115 2102 pectora
1143 2058 1279 2106 ἀρχαῖα
1307 2060 1508 2107 σοφίσματα
1545 2061 1752 2098 iniicientes
1787 2071 1867 2096 cum
1897 2059 2059 2095 Hesiodo
2097 2069 2222 2095 curam
2253 2058 2375 2094 Horas
2403 2068 2556 2103 operum

336 2120 581 2155 humanorum
601 2129 736 2163 gerere
762 2117 966 2161 eademque
995 2127 1129 2162 regere
1157 2123 1195 2153 et
1223 2120 1410 2156 moderari
1440 2124 1478 2155 et
1507 2121 1683 2155 adiuvare
1712 2124 1824 2164 atque
1853 2119 1949 2154 tueri
1974 2119 2122 2154 volente
2156 2129 2359 2154 cousensus
2373 2116 2421 2162 2);
2460 2118 2556 2162 inde,

335 2181 497 2226 inquam,
538 2184 576 2216 et
604 2178 823 2215 coniiciendi
853 2177 1037 2223 quoddam
1066 2181 1235 2213 nostruin
1265 2179 1321 2214 ius
1350 2190 1433 2215 esse
1463 2180 1640 2219 ducimus,
1679 2181 1714 2215 in
1743 2180 1876 2215 studiis
1905 2189 1988 2215 eum
2024 2182 2137 2223 atque
2166 2178 2309 2214 deliciis
2339 2177 2555 2213 Gratiarum

336 2243 460 2279 verbis
489 2240 728 2289 φιλησίμολπέ
758 2238 786 2275 τ’
799 2238 1027 2286 Εὐφροσύνα,
1058 2265 1065 2272 .
1096 2264 1104 2271 .
1135 2264 1142 2271 .
1174 2265 1181 2272 .
1211 2237 1330 2274 Θαλία
1359 2251 1395 2274 τε
1424 2239 1641 2286 ἐρασίμολπε
1679 2239 1922 2281 adumbratis,
1961 2249 2041 2274 cum
2070 2236 2340 2282 Euphrosynen
2375 2235 2555 2272 festorum

336 2302 627 2346 solemniumque
648 2299 871 2346 praeficeret
897 2300 1076 2341 laetitiae,
1106 2299 1263 2344 Agla'ian
1284 2299 1395 2335 nitori
1417 2303 1530 2344 atque
1551 2299 1764 2344 adparatui,'
1789 2298 1955 2334 Thaliam
1985 2301 2109 2333 autem
2137 2307 2209 2332 non
2239 2296 2356 2332 solum
2375 2306 2555 2341 prospere

335 2362 584 2398 secundarum
623 2363 736 2404 atque
775 2358 1124 2395 florentissimarum
1170 2371 1296 2395 rerum
1338 2370 1465 2395 verum
1507 2359 1619 2394 etiam
1660 2358 1802 2393 hilarae
1841 2357 2086 2402 jucunditatis
2129 2357 2270 2393 deliciis
2312 2367 2393 2392 curn
2431 2367 2555 2392 rerum

334 2420 599 2459 florentissima
627 2421 779 2458 fortuna
807 2420 1026 2463 coniunctis,
1062 2420 1098 2456 in
1127 2420 1200 2456 illis
1230 2431 1375 2466 quoque
1404 2420 1531 2456 itidem
1562 2429 1685 2455 senem
1715 2419 1815 2456 illum
1845 2421 2048 2457 Ascraeum
2078 2419 2225 2465 quidem
2254 2421 2444 2454 auctorem
2473 2429 2555 2453 esse

460 2565 482 2601 ¹)
516 2564 606 2597 Τρεῖς
628 2560 662 2589 δέ
683 2561 711 2590 οἱ
736 2562 814 2597 (Διὶ)
838 2559 1012 2596 Εὐρυνόμη
1037 2559 1175 2594 Χάριτας
1196 2558 1262 2587 τέκε
1285 2559 1528 2595 καλλιπαρῄους,

508 2609 660 2639 Ὠκεανοῦ
680 2609 790 2646 κούρη,
814 2608 1016 2646 πολυήρατον
1038 2606 1121 2641 εἶδος
1144 2606 1266 2644 ἔχουσα,

507 2658 647 2697 Ἀγλαΐην
669 2668 699 2687 τε
722 2658 774 2687 καὶ
797 2656 1013 2695 Εὐφροσύνην
1037 2657 1159 2694 Θαλίην
1180 2653 1388 2693 τ’ἕρατεινήν.

457 2724 479 2760 ²)
503 2721 592 2751 Pind.
617 2720 661 2750 Ol.
688 2720 761 2749 XIII
786 2720 890 2757 (6-8.
915 2718 1049 2755 14—17)
1076 2713 1108 2744 ἕν
1129 2715 1168 2754 τᾷ
1190 2714 1249 2750 γὰρ
1272 2711 1417 2748 Εὐνομία
1439 2712 1518 2740 ναίει
1529 2712 1551 2750 ³)
1574 2713 1759 2749 κασιγτνῆταί
1779 2723 1809 2741 τε
1814 2734 1995 2746 .......
2019 2714 2102 2741 Δίκα
2125 2712 2176 2741 καὶ
2199 2709 2376 2748 ὁμότροπος
2395 2710 2518 2746 Εῐρονα
2528 2709 2555 2748 ⁴)

331 2774 450 2810 ταμία
477 2770 643 2807 α’νδράσι
671 2769 866 2803 πλούτου,
896 2768 1022 2806 χρύσεαι
1050 2765 1159 2798 παῖδες
1188 2762 1342 2802 εὐβούλου
1367 2762 1514 2799 Θέμιτος·
1537 2783 1690 2791 ......
1714 2759 1809 2799 ὔμμιν
1836 2763 1879 2799 δε,
1908 2764 2017 2797 παῖδες
2047 2761 2153 2792 Ἀλάτα
2156 2783 2343 2798 .......
2368 2763 2466 2789 πολλα
2488 2758 2555 2789 δ’ἑν

332 2822 474 2858 καρδίαις
497 2816 622 2855 ἀνδρῶν
644 2816 757 2857 ἔβαλον
774 2812 865 2854 Ὧραι
887 2815 1107 2852 πολυάνθεμοι
1131 2812 1246 2851 ἀρχαῖα
1267 2812 1462 2849 σοφίσματα·
1486 2811 1548 2840 πᾶν
1570 2808 1598 2840 δ’
1608 2808 1755 2847 εὑρόντος
1776 2810 1866 2850 ἔργον
1888 2830 1925 2834 —-
1948 2810 2074 2842 Hesiod.
2100 2811 2216 2848 Theog.
2241 2808 2448 2848 (901—903):

1006 2865 1153 2900 δεύτερον
1176 2862 1309 2900 ἠγάγετο
1331 2860 1467 2898 λιπαρὴν
1492 2860 1598 2896 Θέμιν,
1621 2856 1638 2897 ἢ
1662 2860 1747 2890 τέκεν
1760 2858 1860 2898 “apag

1002 2912 1166 2948 Εῑῖνομίην
1187 2920 1218 2938 τε
1244 2911 1343 2947 Δίκην
1364 2920 1395 2938 τε
1418 2909 1471 2937 καὶ
1494 2908 1665 2947 Εἰρήνην4)
1687 2911 1925 2945 τεθαλυῖαν,

1005 2961 1066 2990 αἵτ’
1089 2959 1150 2998 ἔργ’
1176 2958 1328 2997 ὠρεύουσι
1350 2959 1579 2995 καταθνητοῖσι
1601 2958 1757 2996 βροτοῖσι’

454 3034 477 3071 ³)
501 3033 648 3063 Mendum
680 3033 711 3062 in
741 3033 821 3062 libro
852 3041 935 3063 meo:
970 3032 1117 3069 ‘Binbnr'ss
1148 3032 1270 3067 Dlnmp.
1303 3028 1543 3068 &iegessgeidnge
1573 3036 1600 3057 u.
1633 3027 1650 3063 Ῑ.
1682 3028 1700 3065 f.
1733 3027 1771 3059 (ἐ.
1803 3029 1841 3057 37
1870 3028 1925 3058 Od.
1957 3028 2041 3058 XIII.
2075 3025 2205 3064 strophe
2237 3023 2267 3061 εὶ,
2299 3027 2326 3056 6.
2351 3035 2377 3055 v.
2407 3028 2551 3057 relictum

330 3084 549 3122 corrigendum
577 3084 637 3114 erit
668 3084 730 3114 sic:
762 3085 949 3121 κασιγνήταί
970 3093 1001 3112 τε
1023 3093 1084 3113 non
1113 3088 1218 3113 autem
1250 3090 1318 3112 cum
1343 3080 1417 3110 Cod.
1442 3079 1511 3109 Par.
1537 3079 1554 3108 C
1573 3079 1784 3110 scribendum:
1815 3079 1985 3118 κασιγνήτα
2007 3089 2038 3108 τε
2063 3088 2164 3117 neque
2193 3078 2283 3108 maiis
2316 3087 2385 3107 cum
2417 3079 2486 3108 Vat.
2518 3078 2551 3116 Β,

330 3135 516 3171 κασίγνηταί
536 3144 576 3163 τε.

453 3196 476 3234 ⁴)
500 3195 643 3233 &riche
667 3196 790 3232 ττηᾶὴτῖ,
813 3194 953 3232 Πηῇἰεδε
976 3193 1120 3232 υετόεῂῐῐ,
1143 3200 1301 3228 nunquam
1324 3194 1429 3219 autem
1453 3187 1588 3217 dicitur:
1613 3188 1721 3227 §Redjt
1744 3190 1856 3226 trniihrt
1879 3198 1914 3220 κ.
