2818 3572
1421 255 1450 299 2

328 371 557 404 asseverant.
597 371 645 404 At
665 372 796 405 contra
814 369 985 414 equidem
1006 371 1058 406 sic
1079 373 1199 409 sentio
1218 373 1478 420 philologicum
1490 376 1676 433 sphalma
1694 376 1816 421 potius
1842 377 1910 413 hoc
1930 377 2034 413 nobis
2055 379 2134 415 loco
2154 379 2413 425 corrigendum
2433 391 2544 427 quam

328 428 478 464 schema
496 428 734 465 Pindaricum
763 439 846 464 esse
874 428 1158 474 explanandum.
1202 432 1298 469 Illud
1318 420 1644 473 ΜΕΛΙΓΑΡΥΕΕ
1650 434 1816 471 rMNOI
1851 436 2028 473 videlicet
2062 438 2151 475 vitio
2188 439 2345 485 quodam
2382 441 2542 478 interce-

328 490 440 525 dente
467 494 592 526 ortum
627 495 686 526 est
712 501 732 525 e
761 489 1059 526 MCAIPAPI'O(
1094 490 1272 528 ὝΜΝΟΥ
1299 495 1395 538 quod
1432 495 1551 540 ipsum
1584 496 1630 532 ab
1658 497 1721 532 illo
1749 496 1898 531 πλείστα
1925 504 2051 545 χρῆσις
2079 501 2265 544 pendebat
2293 502 2345 537 sic
2373 512 2540 546 prorsus,

326 554 368 586 ut
396 550 532 596 reliqui
565 550 717 597 genitivi
746 553 785 587 et
811 548 952 597 ἀνέμων
986 556 1024 585 et
1051 549 1389 609 oopavlmvfiSdtmv
1417 554 1584 603 ὀμβρίων,
1611 556 1748 592 παίδων
1773 570 1807 592 κ.
1833 569 1862 592 τ.
1890 557 1917 593 ἑ.
1942 558 1989 595 ab
2009 559 2140 597 iisdem
2159 562 2302 599 duabus
2321 562 2394 600 illis
2413 562 2541 600 itidem

325 610 477 646 vocibus
515 612 593 656 apti
630 616 725 647 sunt.
789 611 879 647 Post
915 617 1039 647 autem
1068 609 1367 648 ΜΕΛΙΓΑΡΥΟ(
1409 612 1586 650 ὝΜΝΟΥ
1625 620 1684 650 est
1720 617 1916 652 scribenda
1951 618 2041 666 μέση
2078 622 2219 669 στιγμή,
2260 627 2373 668 atque
2409 633 2540 659 versus

324 669 425 705 4-6
453 670 491 705 in
518 670 615 706 hunc
634 669 775 707 fuerint
794 670 942 706 modum
971 672 1243 709 conformandi:
1275 673 1511 711 distinctione
1540 674 1648 723 μέσης
1675 682 1824 723 στιγμῆς
1852 677 1898 724 (v.
1927 678 1964 725 3)
1994 679 2093 716 facta
2121 687 2205 726 post
2232 682 2383 729 νεφέλας
2409 693 2539 728 proce-

326 730 486 766 dendum
514 734 572 766 est
601 730 672 766 sic:

896 802 926 836 εἰ
953 801 992 835 δὲ
1020 803 1083 836 σὺν
1112 802 1209 849 πόνῳ
1238 814 1288 844 τις
1317 804 1355 837 εὖ
1383 805 1547 849 πράσσοι,
1578 806 1790 852 μελιγάρυος
1818 809 1944 853 ὕμνου·

894 861 1051 908 ὑστέρων
1079 863 1176 910 ἀρχὰ
1205 863 1321 909 λογων

894 919 1057 956 τέλλεται
1085 923 1146 957 καὶ
1174 924 1296 958 πιστὸν
1324 924 1444 970 ὅρκιον
1474 926 1647 973 μεγάλαις
1674 928 1827 974 ἀρεταῖς.

447 1012 527 1048 Non
554 1012 669 1048 solum
699 1024 825 1049 vocem
854 1013 954 1049 illam
983 1014 1093 1059 ὕμνου
1122 1014 1283 1059 excipiat
1310 1020 1460 1061 oportet
1488 1016 1576 1064 μέση
1604 1017 1744 1065 στιγμή,
1774 1029 1856 1054 cum
1884 1018 2167 1063 insequentibus
2196 1020 2339 1057 duobus
2367 1021 2536 1057 versibus

323 1073 403 1116 hoc,
444 1082 510 1108 cur
546 1072 752 1109 affirmetur
789 1072 1001 1121 μελιγάρυος
1030 1075 1140 1120 ὕμνου
1175 1074 1407 1119 potissimum
1443 1075 1612 1111 πλείσταν
1640 1082 1766 1124 χρῆσιν
1801 1087 1883 1112 6556
1920 1077 1950 1112 εἰ
1982 1079 2045 1113 σὺν
2078 1079 2175 1126 πόνῳ
2211 1091 2262 1122 τις
2298 1081 2337 1115 εὖ
2374 1082 2536 1127 πράσσοι,

324 1132 513 1176 doceatur,
544 1142 672 1168 verum
700 1132 813 1168 etiam
843 1132 1049 1169 subiectum
1078 1144 1210 1169 nomen
1239 1133 1348 1170 huius
1368 1137 1472 1172 verbi
1500 1136 1662 1172 τέλλεται
1682 1137 1916 1174 manifestum
1941 1143 1999 1175 est
2021 1140 2304 1186 intelligendum
2324 1152 2406 1178 esse
2425 1142 2535 1178 illud:

322 1193 513 1240 μελίγαρυς
542 1194 648 1239 ὕμνος
678 1194 735 1229 vel
764 1194 794 1229 si
823 1195 939 1229 mavis
967 1195 1079 1238 οὗτος,
1109 1195 1160 1229 sic
1189 1200 1313 1230 autem
1341 1197 1616 1242 interpretandi
1645 1209 1757 1234 causa
1776 1199 2018 1244 digerendum
2038 1201 2404 1246 componendumque
2432 1213 2534 1238 esse:

321 1251 455 1301 (οὗτος)
474 1252 638 1288 τέλλεται
657 1254 754 1301 ἀρχὰ
768 1251 833 1289 ’καὶ
854 1255 977 1289 πιστὸν
996 1256 1116 1301 ὅρκιον
1142 1253 1297 1301 ὑστέρων
1317 1255 1434 1303 λόγων
1455 1256 1628 1303 μεγάλαις
1648 1257 1800 1303 ἀρεταῖς.
1824 1278 1868 1283 —
1889 1260 1953 1294 σὺν
1973 1259 2070 1306 πόνῳ
2100 1260 2121 1295 i.
2151 1271 2182 1296 e.
2213 1266 2388 1307 tanquam
2415 1263 2536 1298 socius

320 1314 460 1350 laboris
489 1313 715 1358 operosi-
668 1335 715 1340 —
742 1313 805 1350 mit
833 1313 1111 1362 ffllfibemultunq
1140 1314 1186 1350 im
1215 1314 1352 1358 Quane
1386 1316 1449 1352 mit
1477 1316 1753 1365 {Dliibemaltung
1791 1317 1837 1354 im
1867 1318 2025 1356 Bereiue.
2082 1319 2304 1356 Coniectura
2332 1321 2536 1357 Hermanni

319 1374 382 1408 σὺν
411 1371 543 1420 μόχθῳ
571 1372 608 1407 in
636 1377 796 1409 metium
827 1373 988 1410 violenta
1017 1375 1255 1420 supersederi
1285 1387 1438 1420 prorsus
1468 1382 1601 1422 potest
1631 1388 1713 1413 cum
1742 1379 1791 1414 sit
1819 1390 2050 1424 supervacua
2077 1385 2189 1425 atque
2218 1381 2465 1418 inutilissima.
2486 1403 2534 1408 —

319 1433 348 1468 εἰ
376 1444 426 1474 τις
454 1444 493 1467 ευ
522 1432 675 1479 πράσσοι
703 1432 772 1469 hoc
809 1434 887 1470 loco
917 1446 1000 1477 non,
1039 1435 1074 1470 id
1114 1436 1209 1480 quod
1239 1435 1335 1472 forte
1365 1439 1574 1482 suspicatus
1604 1439 1665 1477 sis.
1704 1439 1749 1474 ad
1779 1439 1876 1475 hunc
1905 1441 2150 1476 revocandum
2185 1443 2258 1478 erit
2285 1443 2533 1479 intellectum.

317 1494 352 1529 ,π’
379 1494 461 1540 quis
482 1505 658 1540 prospere
684 1506 742 1530 res
768 1506 858 1530 suas
886 1498 981 1540 ayat,
1020 1495 1106 1531 licet
1143 1496 1298 1532 maxime
1333 1497 1440 1532 obvia
1476 1497 1533 1531 vel
1567 1497 1689 1541 potius
1727 1508 1895 1534 sermone
1933 1501 2129 1537 tritissima
2166 1503 2214 1538 sit
2242 1514 2287 1539 ea
2315 1502 2534 1548 significatio

319 1553 428 1589 huius
449 1553 646 1589 locutionis
674 1554 714 1588 εὑ
742 1554 929 1600 πράσσειν;
960 1566 1041 1591 cum
1072 1567 1191 1602 neque
1221 1567 1424 1601 prosperae
1446 1558 1502 1592 vel
1532 1558 1714 1593 secundae
1745 1569 1805 1593 res
1833 1570 1953 1604 neque
1981 1571 2083 1596 mera
2103 1561 2262 1598 felicitas
2293 1564 2371 1599 sola
2399 1573 2467 1607 per
2495 1573 2533 1598 se

318 1620 384 1651 aut
411 1614 625 1661 μελιγάρυος
653 1616 763 1661 ὕμνου
793 1620 857 1650 aut
886 1615 1041 1661 ὑστέρων
1070 1615 1187 1662 λογων
1216 1616 1328 1660 digna
1348 1616 1407 1655 sit
1437 1626 1565 1651 verum
1591 1618 1669 1652 loco
1698 1617 1733 1652 in
1763 1627 1834 1662 quo
1863 1618 1920 1652 hic
1949 1629 2184 1663 occupamur,
2213 1621 2303 1656 illud
2323 1621 2362 1656 εὐ
2382 1621 2533 1667 πράσσοι

317 1677 479 1722 positum
508 1677 639 1713 eadem
667 1680 789 1712 mente
827 1682 886 1712 est
914 1687 986 1722 qua
1014 1677 1106 1713 alias
1135 1675 1233 1712 καλὰ
1261 1675 1366 1722 ἐ’ρδοι,
1395 1675 1493 1711 καλὰ
1521 1676 1627 1724 ῥέζοι.
1683 1676 1844 1713 τέλλεται
1872 1679 1894 1714 i
1924 1689 1954 1713 e.
1986 1678 2141 1725 hymnus
2178 1680 2358 1725 ejusmodi
2388 1682 2534 1718 exsistit

316 1742 429 1784 atque
450 1738 548 1774 laete
577 1738 699 1784 surgit
728 1737 764 1772 in
793 1739 908 1774 altum
938 1740 1160 1775 sementiss
1145 1739 1359 1784 segetisque
1387 1739 1517 1782 instar,
1548 1739 1716 1776 exoritur
1744 1744 1919 1786 tanquam
1939 1739 2038 1776 laeta
2063 1740 2289 1785 quaedams
2274 1751 2392 1785 seges.
2432 1742 2533 1785 Quae

315 1799 538 1844 metaphora
566 1810 588 1835 a
617 1800 888 1844 germinatione
917 1805 1041 1835 tracta
1070 1801 1232 1839 seminis
1271 1801 1323 1836 ita
1351 1805 1392 1835 ut
1420 1800 1577 1846 hymnus
1606 1802 1667 1836 ille
1695 1807 1796 1836 esset
1824 1807 2000 1846 tanquam
2029 1812 2155 1836 semen
2183 1802 2331 1846 aliquod
2361 1813 2532 1847 sparsum

315 1860 412 1897 unde
449 1865 627 1907 tanquam
656 1870 765 1905 seges
794 1859 894 1896 laeta
922 1860 1102 1906 quaedam
1134 1860 1255 1906 gloria
1283 1859 1514 1905 posteritatis
1548 1860 1802 1905 progerminet
1839 1860 1883 1897 cf.
1914 1861 2020 1908 Pyth.
2050 1861 2113 1905 IV,
2143 1861 2191 1897 28
2226 1861 2308 1897 τοθι
2336 1863 2405 1910 γὰρ
2432 1861 2532 1910 γένος

314 1921 491 1968 Εὐφάμου
529 1922 741 1969 φυτευθὲν
779 1921 903 1957 λοιπὸν
932 1923 998 1957 ait-:z
1027 1922 1213 1957 τέλλετο.
1243 1943 1291 1948 —-
1320 1922 1416 1969 ἀρχὰ
1453 1922 1514 1956 καὶ
1542 1922 1664 1956 πιστὸν
1693 1923 1813 1968 ὅρκιον
1842 1921 1997 1968 ὑστέρων
2026 1921 2143 1969 λέγων
2180 1923 2217 1957 in
2255 1933 2328 1967 qua
2364 1924 2531 1959 oratione

315 1983 412 2030 ἀρχὰ
441 1988 610 2018 nostrum
648 1983 777 2018 eadem
806 1983 1061 2027 accipiendum
1090 1988 1148 2018 est
1177 1983 1362 2018 sententia
1400 1994 1472 2027 qua
1500 1983 1536 2018 in
1565 1983 1800 2018 Aristoteleis
1835 1984 1913 2029 περὶ
1942 1983 2064 2030 ἀρχῶν
2094 1983 2198 2018 libris
2226 1983 2323 2018 idem
2351 1984 2531 2019 terminus

316 2047 531 2088 usurpatur,
561 2044 614 2079 ita
644 2043 792 2089 quidem
821 2047 862 2079 ut
889 2047 1018 2078 nostro
1046 2042 1126 2077 loco
1155 2043 1190 2077 in
1220 2042 1355 2078 haecce
1383 2046 1559 2077 exeatur:
1594 2046 1768 2085 tanquam
1799 2052 1951 2086 germen
1980 2047 2092 2087 atque
2121 2043 2343 2087 principium
2372 2048 2532 2078 certum-

315 2113 386 2148 que
414 2102 586 2147 idemque
614 2102 857 2138 iurisiurandi
887 2103 1058 2138 cautione
1088 2102 1342 2138 confirmatum
1372 2102 1477 2137 nobis
1506 2106 1618 2146 atque
1648 2101 1902 2137 satisdationis
1931 2101 2184 2146 plenissimum
2212 2103 2346 2148 pignus
2375 2101 2530 2150 (ὅρκιον)

314 2163 626 2208 praestantiorum
669 2168 798 2198 nostra
835 2173 948 2198 causa
984 2167 1221 2206 posterorum
1259 2173 1469 2199 sermonum
1507 2162 1528 2197 i.
1567 2173 1598 2198 e.
1636 2162 1870 2206 posteritatis
1913 2162 1958 2198 de
1994 2162 2101 2197 nobis
2143 2173 2354 2199 sermonum
2394 2163 2531 2207 ubique

315 2223 625 2260 celebrandorum
654 2227 766 2268 atque
795 2233 877 2258 cum
906 2222 1062 2259 honesta
1091 2222 1189 2259 fama
1218 2227 1345 2259 nostra
1374 2228 1412 2259 et
1440 2223 1712 2258 existimatione
1746 2222 2018 2267 crepandorum
2047 2232 2159 2257 causa
2187 2221 2358 2268 (ὑστέρων
2386 2221 2530 2270 λογων).

315 2304 363 2309 -
392 2283 567 2331 μεγάλαις
595 2283 736 2329 ἀρεταῖς
765 2283 787 2317 i.
817 2293 848 2318 e.
878 2282 1067 2328 maynisice
1083 2286 1271 2328 =qestarum
1299 2286 1406 2328 atque
1433 2281 1687 2326 maynitudine
1714 2292 1785 2316 sua
1805 2281 2089 2326 praestabilium
2112 2289 2236 2317 rerum
2255 2281 2532 2327 amplorumque

314 2345 528 2380 meritorum
538 2343 729 2386 commodo,
741 2343 841 2379 haud
852 2342 948 2378 forte
961 2355 967 2378 :
981 2343 1188 2387 amplorum
1199 2343 1380 2378 commodo
1391 2344 1697 2384 ornamentorum,
1710 2351 1775 2377 nec
1789 2352 1875 2376 vero
1888 2342 1993 2377 maiis
2006 2353 2012 2376 :
2025 2353 2247 2387 maynarum
2256 2342 2344 2377 usui
2352 2342 2531 2377 virtutum

438 2444 480 2480 V.
512 2445 532 2478 7
572 2443 776 2491 ἀφθόνητος
814 2443 883 2479 hoc
930 2443 1077 2488 quidem
1118 2443 1196 2477 loco
1236 2443 1287 2478 sic
1327 2443 1406 2478 vult
1444 2442 1623 2485 intelligi:
1672 2442 1768 2477 haud
1807 2442 1986 2477 invidiose
2026 2443 2174 2487 largus:
2217 2442 2318 2478 haud
2355 2442 2532 2478 invidiose

312 2505 479 2550 copiosus
507 2508 615 2552 atque
634 2505 820 2551 prolixus,
858 2508 998 2541 remota
1025 2504 1105 2541 ulla
1131 2504 1316 2540 invidiosa
1336 2504 1521 2549 parcitate
1549 2503 1650 2549 larye
1678 2503 1848 2546 tributus,
1887 2503 1966 2539 sine
2005 2502 2084 2538 ulla
2121 2514 2315 2539 mensurae
2342 2505 2407 2538 aut
2434 2501 2531 2538 modi

311 2566 457 2602 invidia
484 2565 594 2610 effuse
620 2566 893 2611 impertitus:
915 2563 951 2600 in
980 2564 1118 2601 neibloss
1148 2563 1349 2612 reidssicbcm
1379 2564 1494 2609 {mune
1515 2585 1561 2589 —
1588 2577 1624 2598 αι
1627 2576 1684 2606 νος
1712 2566 1813 2606 οὖτος
1835 2575 1880 2591 1
1900 2576 1997 2605 αινος
2024 2563 2157 2598 τούτων
2186 2563 2334 2611 (ἠγουψ
2364 2562 2529 2609 μεγάλων

312 2626 477 2675 ἀρετῶν).
534 2627 715 2663 Perverse
748 2627 895 2662 omnino
931 2627 1022 2661 illud
1059 2627 1155 2667 αἶνος
1192 2627 1292 2668 οὑτος
1330 2626 1638 2670 interpretareris
1675 2626 1720 2660 de
1757 2625 1820 2660 illo
1856 2624 1996 2659 alterzo
2031 2624 2223 2671 μελίγαρυς
2257 2625 2375 2669 ὕμνος,
2412 2634 2531 2668 neque

311 2689 451 2725 rectius
488 2689 568 2723 eius
606 2686 660 2722 rei
697 2686 919 2722 sententiam
949 2697 1131 2732 aequares
1165 2686 1321 2733 ὑστέροις
1349 2687 1479 2734 λόγοις.
1536 2686 1634 2730 Ergo
1664 2697 1707 2721 ea
1732 2696 1826 2731 quae
1856 2687 2020 2730 proxime
2049 2685 2312 2730 explicavimus
2347 2683 2531 2729 complexi

313 2749 365 2785 ita
384 2748 665 2793 explanabimus
686 2748 801 2782 verba
820 2746 1024 2793 ἀφθόνητος
1053 2747 1150 2787 αἶνος
1178 2747 1297 2787 octog:
1327 2747 1405 2781 sine
1433 2746 1512 2781 ulla
1539 2757 1731 2781 mensurae
1759 2749 1825 2781 aut
1853 2745 1952 2781 modi
1979 2745 2122 2781 invidia
2150 2749 2216 2781 aut
2239 2744 2421 2789 parcitate
2448 2746 2532 2780 laus

312 2810 465 2846 illarum
492 2809 682 2855 maynifice
706 2811 895 2854 qestarum
921 2807 1244 2853 maynitudineque
1271 2818 1339 2842 sua
1356 2804 1639 2851 praestabilium
1667 2817 1789 2841 rerum
1818 2804 2098 2851 amplorumque
2125 2805 2339 2842 meritorum
2366 2803 2531 2851 ἀγκεῖται

313 2870 378 2919 (=
406 2869 610 2918 ἀναχεῖται)
645 2870 682 2905 id
719 2870 816 2915 quod
853 2868 1100 2915 etymologica
1137 2867 1324 2902 sententia
1361 2867 1436 2901 erit
1475 2865 1705 2910 capiendum,
1746 2867 1877 2911 igitur:
1916 2866 2076 2911 seposita
2111 2870 2149 2901 et
2186 2869 2380 2900 reservata
2418 2868 2530 2909 atque

311 2931 461 2967 condita
499 2934 558 2966 est
599 2935 774 2974 tanquam
818 2928 993 2975 ἀνάθημα
1032 2930 1053 2964 i.
1095 2940 1125 2964 e.
1166 2931 1354 2973 tamquam
1393 2938 1528 2961 munus
1563 2926 1801 2971 honorificum
1839 2938 1882 2963 eat
1920 2928 2017 2962 omni
2050 2926 2213 2971 profana
2245 2927 2353 2969 atque
2385 2923 2531 2968 vulyari

310 2992 514 3034 exemptum
547 2990 656 3033 atque
687 2991 914 3033 seyreyatum
946 2988 1186 3033 usurpatione
1219 2989 1536 3032 consecratumque
1567 2985 1926 3032 Ὀλυμπιονίκαις
1961 2986 1986 3021 i.
2016 2998 2044 3021 e.
2083 2983 2347 3030 olympicorum
2374 2983 2530 3018 utilitati

310 3048 488 3084 victorum
521 3047 731 3093 fructuique
767 3046 867 3095 (Dat.
907 3048 1064 3095 comm).
1105 3068 1152 3073 —
1190 3047 1351 3082 Veritati
1388 3047 1536 3092 quidem
1575 3050 1724 3082 nostrae
1763 3047 1871 3082 huius
1908 3044 2233 3092 interpretationis
2272 3043 2368 3084 αἶνος
2409 3044 2530 3085 οὗτος

312 3110 512 3157 ἀγκεῖται
542 3120 589 3138 =
617 3110 714 3152 αἶνος
753 3110 950 3157 μεγάλων
989 3111 1150 3157 ἀρετῶν
1188 3111 1387 3157 ἀγκεῖται
1426 3108 1656 3153 suffragatur
1692 3109 1792 3143 locus
1831 3108 1889 3144 hic
1929 3107 2056 3144 Isthm.
2088 3105 2150 3150 IV,
2191 3103 2339 3141 15-16
2375 3105 2426 3140 τὶν
2454 3102 2530 3140 δ’ἐν

308 3169 447 3218 Ἰσθμῷ
476 3170 606 3206 διπλόα
634 3169 801 3206 θάλλοισ’
828 3170 956 3218 ἀρετὰ
986 3197 1147 3204 .....
1178 3175 1318 3205 κεῖται
1346 3168 1384 3218 (i.
1414 3180 1445 3206 e.
1476 3167 1678 3216 ἀναχεῖται)
