<?xml version="1.0" encoding="UTF-8"?>
<!DOCTYPE html PUBLIC "-//W3C//DTD XHTML 1.0 Transitional//EN"
    "http://www.w3.org/TR/xhtml1/DTD/xhtml1-transitional.dtd">
<html xmlns="http://www.w3.org/1999/xhtml" xml:lang="en" lang="en">
 <head>
  <title>
</title>
<meta http-equiv="Content-Type" content="text/html;charset=utf-8" />
  <meta name='ocr-system' content='tesseract 3.04.00' />
  <meta name='ocr-capabilities' content='ocr_page ocr_carea ocr_par ocr_line ocrx_word'/>
</head>
<body>
  <div class='ocr_page' id='page_1' title='image "4763760_0017.png"; bbox 0 0 2818 3572; ppageno 0'>
   <div class='ocr_carea' id='block_1_1' title="bbox 1351 240 1381 284">
    <p class='ocr_par' dir='ltr' id='par_1_1' title="bbox 1351 240 1381 284">
     <span class='ocr_line' id='line_1_1' title="bbox 1351 240 1381 284; baseline 0 0"><span class='ocrx_word' id='word_1_1' title='bbox 1351 240 1381 284; x_wconf 89' lang='grc'><strong>9</strong></span> 
     </span>
    </p>
   </div>
   <div class='ocr_carea' id='block_1_2' title="bbox 266 354 2475 1793">
    <p class='ocr_par' dir='ltr' id='par_1_2' title="bbox 267 354 2475 1318">
     <span class='ocr_line' id='line_1_2' title="bbox 270 354 2473 405; baseline -0.004 -7"><span class='ocrx_word' id='word_1_2' title='bbox 270 364 436 398; x_wconf 87' lang='lat' dir='ltr'>secutum</span> <span class='ocrx_word' id='word_1_3' title='bbox 475 362 587 404; x_wconf 82' lang='lat' dir='ltr'>atque</span> <span class='ocrx_word' id='word_1_4' title='bbox 622 358 759 395; x_wconf 88' lang='lat' dir='ltr'>iterum</span> <span class='ocrx_word' id='word_1_5' title='bbox 792 357 1015 405; x_wconf 85' lang='lat' dir='ltr'>confirmari,</span> <span class='ocrx_word' id='word_1_6' title='bbox 1052 359 1088 395; x_wconf 89' lang='lat' dir='ltr'>id</span> <span class='ocrx_word' id='word_1_7' title='bbox 1124 360 1221 405; x_wconf 90' lang='lat' dir='ltr'>quod</span> <span class='ocrx_word' id='word_1_8' title='bbox 1260 359 1332 395; x_wconf 88' lang='lat' dir='ltr'>alio</span> <span class='ocrx_word' id='word_1_9' title='bbox 1368 358 1448 396; x_wconf 89' lang='lat' dir='ltr'>loco</span> <span class='ocrx_word' id='word_1_10' title='bbox 1475 359 1547 395; x_wconf 88' lang='lat' dir='ltr'>iam</span> <span class='ocrx_word' id='word_1_11' title='bbox 1585 357 1853 404; x_wconf 83' lang='lat' dir='ltr'>praecepimus,</span> <span class='ocrx_word' id='word_1_12' title='bbox 1894 356 1939 392; x_wconf 84' lang='lat' dir='ltr'>ab</span> <span class='ocrx_word' id='word_1_13' title='bbox 1972 355 2036 392; x_wconf 88' lang='lat' dir='ltr'>illa</span> <span class='ocrx_word' id='word_1_14' title='bbox 2063 354 2287 392; x_wconf 86' lang='lat' dir='ltr'>verecundia</span> <span class='ocrx_word' id='word_1_15' title='bbox 2314 354 2473 401; x_wconf 84' lang='lat' dir='ltr'>quadam</span> 
     </span>
     <span class='ocr_line' id='line_1_3' title="bbox 270 416 2474 467; baseline -0.002 -10"><span class='ocrx_word' id='word_1_16' title='bbox 270 421 409 457; x_wconf 83' lang='lat' dir='ltr'>effusae</span> <span class='ocrx_word' id='word_1_17' title='bbox 427 418 527 455; x_wconf 86' lang='lat' dir='ltr'>illius</span> <span class='ocrx_word' id='word_1_18' title='bbox 545 419 717 456; x_wconf 79' lang='lat' dir='ltr'>licentiae</span> <span class='ocrx_word' id='word_1_19' title='bbox 732 431 841 467; x_wconf 87' lang='lat' dir='ltr'>quam</span> <span class='ocrx_word' id='word_1_20' title='bbox 857 421 1041 457; x_wconf 88' lang='lat' dir='ltr'>Homerus</span> <span class='ocrx_word' id='word_1_21' title='bbox 1059 425 1098 456; x_wconf 81' lang='grc'>111</span> <span class='ocrx_word' id='word_1_22' title='bbox 1116 419 1333 465; x_wconf 88' lang='lat' dir='ltr'>effingendis</span> <span class='ocrx_word' id='word_1_23' title='bbox 1352 419 1490 465; x_wconf 87' lang='lat' dir='ltr'>passim</span> <span class='ocrx_word' id='word_1_24' title='bbox 1506 419 1798 464; x_wconf 86' lang='lat' dir='ltr'>exprompsisset</span> <span class='ocrx_word' id='word_1_25' title='bbox 1813 417 2041 454; x_wconf 90' lang='lat' dir='ltr'>Graecorum</span> <span class='ocrx_word' id='word_1_26' title='bbox 2058 417 2266 454; x_wconf 84' lang='lat' dir='ltr'>rationibus</span> <span class='ocrx_word' id='word_1_27' title='bbox 2281 416 2474 462; x_wconf 85' lang='lat' dir='ltr'>religionis</span> 
     </span>
     <span class='ocr_line' id='line_1_4' title="bbox 270 478 2474 528; baseline -0.002 -9"><span class='ocrx_word' id='word_1_28' title='bbox 270 489 307 519; x_wconf 90' lang='lat' dir='ltr'>et</span> <span class='ocrx_word' id='word_1_29' title='bbox 334 491 478 518; x_wconf 91' lang='lat' dir='ltr'>morum</span> <span class='ocrx_word' id='word_1_30' title='bbox 505 480 713 517; x_wconf 75' lang='lat' dir='ltr'>honestatis</span> <span class='ocrx_word' id='word_1_31' title='bbox 741 491 860 528; x_wconf 90' lang='lat' dir='ltr'>neque</span> <span class='ocrx_word' id='word_1_32' title='bbox 888 482 1116 519; x_wconf 83' lang='lat' dir='ltr'>aberratioui</span> <span class='ocrx_word' id='word_1_33' title='bbox 1144 484 1272 518; x_wconf 89' lang='lat' dir='ltr'>nostro</span> <span class='ocrx_word' id='word_1_34' title='bbox 1292 484 1424 526; x_wconf 88' lang='lat' dir='ltr'>poetae</span> <span class='ocrx_word' id='word_1_35' title='bbox 1448 481 1495 516; x_wconf 91' lang='lat' dir='ltr'>ad</span> <span class='ocrx_word' id='word_1_36' title='bbox 1514 480 1715 516; x_wconf 89' lang='lat' dir='ltr'>Homerum</span> <span class='ocrx_word' id='word_1_37' title='bbox 1741 480 1787 516; x_wconf 84' lang='lat' dir='ltr'>ab</span> <span class='ocrx_word' id='word_1_38' title='bbox 1808 479 1970 515; x_wconf 87' lang='lat' dir='ltr'>Hesiodo</span> <span class='ocrx_word' id='word_1_39' title='bbox 1998 484 2063 515; x_wconf 87' lang='lat' dir='ltr'>aut</span> <span class='ocrx_word' id='word_1_40' title='bbox 2089 479 2325 515; x_wconf 90' lang='lat' dir='ltr'>disiunctioni</span> <span class='ocrx_word' id='word_1_41' title='bbox 2354 478 2474 514; x_wconf 89' lang='lat' dir='ltr'>locum</span> 
     </span>
     <span class='ocr_line' id='line_1_5' title="bbox 269 540 2475 587; baseline -0.001 -10"><span class='ocrx_word' id='word_1_42' title='bbox 269 552 352 577; x_wconf 90' lang='lat' dir='ltr'>esse</span> <span class='ocrx_word' id='word_1_43' title='bbox 380 541 560 583; x_wconf 88' lang='lat' dir='ltr'>relictum,</span> <span class='ocrx_word' id='word_1_44' title='bbox 597 541 651 576; x_wconf 89' lang='lat' dir='ltr'>ita</span> <span class='ocrx_word' id='word_1_45' title='bbox 686 551 840 586; x_wconf 84' lang='lat' dir='ltr'>prorsus</span> <span class='ocrx_word' id='word_1_46' title='bbox 876 547 919 578; x_wconf 89' lang='lat' dir='ltr'>ut</span> <span class='ocrx_word' id='word_1_47' title='bbox 954 552 999 577; x_wconf 81' lang='lat' dir='ltr'>ea</span> <span class='ocrx_word' id='word_1_48' title='bbox 1033 551 1142 587; x_wconf 90' lang='lat' dir='ltr'>quam</span> <span class='ocrx_word' id='word_1_49' title='bbox 1172 541 1329 577; x_wconf 85' lang='lat' dir='ltr'>diximus</span> <span class='ocrx_word' id='word_1_50' title='bbox 1358 540 1580 577; x_wconf 85' lang='lat' dir='ltr'>verecundia</span> <span class='ocrx_word' id='word_1_51' title='bbox 1611 541 1729 576; x_wconf 88' lang='lat' dir='ltr'>intimi</span> <span class='ocrx_word' id='word_1_52' title='bbox 1758 541 1837 576; x_wconf 91' lang='lat' dir='ltr'>eius</span> <span class='ocrx_word' id='word_1_53' title='bbox 1865 540 1977 576; x_wconf 85' lang='lat' dir='ltr'>animi</span> <span class='ocrx_word' id='word_1_54' title='bbox 2005 550 2135 575; x_wconf 92' lang='lat' dir='ltr'>sensus</span> <span class='ocrx_word' id='word_1_55' title='bbox 2163 543 2475 584; x_wconf 85' lang='lat' dir='ltr'>pertentarentur</span> 
     </span>
     <span class='ocr_line' id='line_1_6' title="bbox 269 599 2473 647; baseline -0.001 -11"><span class='ocrx_word' id='word_1_56' title='bbox 269 604 380 645; x_wconf 82' lang='lat' dir='ltr'>atque</span> <span class='ocrx_word' id='word_1_57' title='bbox 409 604 741 644; x_wconf 86' lang='lat' dir='ltr'>commoverentur,</span> <span class='ocrx_word' id='word_1_58' title='bbox 770 611 843 647; x_wconf 92' lang='lat' dir='ltr'>quo</span> <span class='ocrx_word' id='word_1_59' title='bbox 871 600 1008 637; x_wconf 85' lang='lat' dir='ltr'>factum</span> <span class='ocrx_word' id='word_1_60' title='bbox 1036 604 1137 636; x_wconf 86' lang='lat' dir='ltr'>esset</span> <span class='ocrx_word' id='word_1_61' title='bbox 1164 604 1206 637; x_wconf 92' lang='lat' dir='ltr'>ut</span> <span class='ocrx_word' id='word_1_62' title='bbox 1231 611 1254 636; x_wconf 84' lang='lat' dir='ltr'>a</span> <span class='ocrx_word' id='word_1_63' title='bbox 1281 601 1492 637; x_wconf 80' lang='lat' dir='ltr'>mutuandis</span> <span class='ocrx_word' id='word_1_64' title='bbox 1511 600 1558 636; x_wconf 88' lang='lat' dir='ltr'>ab</span> <span class='ocrx_word' id='word_1_65' title='bbox 1578 600 1740 636; x_wconf 90' lang='lat' dir='ltr'>Homero</span> <span class='ocrx_word' id='word_1_66' title='bbox 1769 605 1880 647; x_wconf 87' lang='lat' dir='ltr'>atque</span> <span class='ocrx_word' id='word_1_67' title='bbox 1908 602 1944 637; x_wconf 91' lang='lat' dir='ltr'>in</span> <span class='ocrx_word' id='word_1_68' title='bbox 1974 612 2040 637; x_wconf 87' lang='lat' dir='ltr'>sua</span> <span class='ocrx_word' id='word_1_69' title='bbox 2060 599 2333 637; x_wconf 82' lang='lat' dir='ltr'>transferendis</span> <span class='ocrx_word' id='word_1_70' title='bbox 2361 599 2473 635; x_wconf 84' lang='lat' dir='ltr'>rebus</span> 
     </span>
     <span class='ocr_line' id='line_1_7' title="bbox 268 659 2473 707; baseline -0 -10"><span class='ocrx_word' id='word_1_71' title='bbox 268 661 487 707; x_wconf 83' lang='lat' dir='ltr'>theologicis</span> <span class='ocrx_word' id='word_1_72' title='bbox 515 666 554 698; x_wconf 91' lang='lat' dir='ltr'>et</span> <span class='ocrx_word' id='word_1_73' title='bbox 580 662 855 698; x_wconf 78' lang='lat' dir='ltr'>aversissimam</span> <span class='ocrx_word' id='word_1_74' title='bbox 884 666 922 697; x_wconf 89' lang='grc'>81</span> <span class='ocrx_word' id='word_1_75' title='bbox 949 661 1223 706; x_wconf 84' lang='lat' dir='ltr'>saeptissimum</span> <span class='ocrx_word' id='word_1_76' title='bbox 1251 662 1608 707; x_wconf 89' lang='lat' dir='ltr'>munitissimumque</span> <span class='ocrx_word' id='word_1_77' title='bbox 1637 671 1676 696; x_wconf 90' lang='lat' dir='ltr'>se</span> <span class='ocrx_word' id='word_1_78' title='bbox 1705 665 1883 704; x_wconf 88' lang='lat' dir='ltr'>tueretur,</span> <span class='ocrx_word' id='word_1_79' title='bbox 1919 666 2048 698; x_wconf 86' lang='lat' dir='ltr'>contra</span> <span class='ocrx_word' id='word_1_80' title='bbox 2076 666 2200 698; x_wconf 88' lang='lat' dir='ltr'>autem</span> <span class='ocrx_word' id='word_1_81' title='bbox 2229 671 2335 695; x_wconf 88' lang='lat' dir='ltr'>secus</span> <span class='ocrx_word' id='word_1_82' title='bbox 2363 659 2473 705; x_wconf 91' lang='lat' dir='ltr'>longe</span> 
     </span>
     <span class='ocr_line' id='line_1_8' title="bbox 269 720 2474 769; baseline -0.001 -10"><span class='ocrx_word' id='word_1_83' title='bbox 269 733 351 759; x_wconf 91' lang='lat' dir='ltr'>esse</span> <span class='ocrx_word' id='word_1_84' title='bbox 372 723 417 759; x_wconf 91' lang='lat' dir='ltr'>de</span> <span class='ocrx_word' id='word_1_85' title='bbox 437 734 482 760; x_wconf 84' lang='lat' dir='ltr'>ea</span> <span class='ocrx_word' id='word_1_86' title='bbox 501 733 595 769; x_wconf 90' lang='lat' dir='ltr'>quae</span> <span class='ocrx_word' id='word_1_87' title='bbox 614 723 713 759; x_wconf 89' lang='lat' dir='ltr'>inter</span> <span class='ocrx_word' id='word_1_88' title='bbox 731 724 934 759; x_wconf 87' lang='lat' dir='ltr'>Ascraeum</span> <span class='ocrx_word' id='word_1_89' title='bbox 954 727 1065 769; x_wconf 88' lang='lat' dir='ltr'>atque</span> <span class='ocrx_word' id='word_1_90' title='bbox 1087 722 1302 759; x_wconf 89' lang='lat' dir='ltr'>Thebanum</span> <span class='ocrx_word' id='word_1_91' title='bbox 1322 723 1573 759; x_wconf 85' lang='lat' dir='ltr'>intercederet</span> <span class='ocrx_word' id='word_1_92' title='bbox 1595 734 1720 759; x_wconf 90' lang='lat' dir='ltr'>rerum</span> <span class='ocrx_word' id='word_1_93' title='bbox 1749 723 2021 766; x_wconf 79' lang='lat' dir='ltr'>communitate,</span> <span class='ocrx_word' id='word_1_94' title='bbox 2051 722 2187 768; x_wconf 87' lang='lat' dir='ltr'>quippe</span> <span class='ocrx_word' id='word_1_95' title='bbox 2214 732 2295 757; x_wconf 91' lang='lat' dir='ltr'>cum</span> <span class='ocrx_word' id='word_1_96' title='bbox 2319 720 2474 757; x_wconf 84' lang='lat' dir='ltr'>Hesiodi</span> 
     </span>
     <span class='ocr_line' id='line_1_9' title="bbox 268 781 2471 830; baseline -0.002 -9"><span class='ocrx_word' id='word_1_97' title='bbox 268 784 469 830; x_wconf 87' lang='lat' dir='ltr'>theogonia</span> <span class='ocrx_word' id='word_1_98' title='bbox 504 785 638 821; x_wconf 90' lang='lat' dir='ltr'>mirum</span> <span class='ocrx_word' id='word_1_99' title='bbox 675 788 853 830; x_wconf 88' lang='lat' dir='ltr'>quantum</span> <span class='ocrx_word' id='word_1_100' title='bbox 890 784 936 819; x_wconf 89' lang='lat' dir='ltr'>ad</span> <span class='ocrx_word' id='word_1_101' title='bbox 973 784 1173 820; x_wconf 88' lang='lat' dir='ltr'>Pindarum</span> <span class='ocrx_word' id='word_1_102' title='bbox 1208 785 1462 829; x_wconf 78' lang='lat' dir='ltr'>pertinuisset,</span> <span class='ocrx_word' id='word_1_103' title='bbox 1501 784 1603 819; x_wconf 88' lang='lat' dir='ltr'>cuius</span> <span class='ocrx_word' id='word_1_104' title='bbox 1642 784 1686 819; x_wconf 91' lang='lat' dir='ltr'>de</span> <span class='ocrx_word' id='word_1_105' title='bbox 1724 784 1835 818; x_wconf 80' lang='lat' dir='ltr'>rebus</span> <span class='ocrx_word' id='word_1_106' title='bbox 1868 782 2001 818; x_wconf 82' lang='lat' dir='ltr'>divinis</span> <span class='ocrx_word' id='word_1_107' title='bbox 2031 783 2235 818; x_wconf 79' lang='lat' dir='ltr'>sententias</span> <span class='ocrx_word' id='word_1_108' title='bbox 2271 783 2325 817; x_wconf 90' lang='lat' dir='ltr'>ita</span> <span class='ocrx_word' id='word_1_109' title='bbox 2361 781 2471 826; x_wconf 88' lang='lat' dir='ltr'>plane</span> 
     </span>
     <span class='ocr_line' id='line_1_10' title="bbox 269 842 2472 891; baseline -0.001 -10"><span class='ocrx_word' id='word_1_110' title='bbox 269 846 498 891; x_wconf 84' lang='lat' dir='ltr'>contigisset,</span> <span class='ocrx_word' id='word_1_111' title='bbox 526 851 568 883; x_wconf 91' lang='lat' dir='ltr'>ut</span> <span class='ocrx_word' id='word_1_112' title='bbox 595 847 693 882; x_wconf 90' lang='lat' dir='ltr'>illius</span> <span class='ocrx_word' id='word_1_113' title='bbox 721 845 780 881; x_wconf 91' lang='lat' dir='ltr'>hic</span> <span class='ocrx_word' id='word_1_114' title='bbox 808 849 935 881; x_wconf 91' lang='lat' dir='ltr'>noster</span> <span class='ocrx_word' id='word_1_115' title='bbox 954 844 1122 889; x_wconf 87' lang='lat' dir='ltr'>vestigiis</span> <span class='ocrx_word' id='word_1_116' title='bbox 1150 843 1258 879; x_wconf 91' lang='lat' dir='ltr'>unius</span> <span class='ocrx_word' id='word_1_117' title='bbox 1287 842 1365 879; x_wconf 85' lang='lat' dir='ltr'>fere</span> <span class='ocrx_word' id='word_1_118' title='bbox 1394 844 1481 880; x_wconf 90' lang='lat' dir='ltr'>solis</span> <span class='ocrx_word' id='word_1_119' title='bbox 1510 844 1701 880; x_wconf 88' lang='lat' dir='ltr'>insisteret</span> <span class='ocrx_word' id='word_1_120' title='bbox 1733 855 1804 879; x_wconf 92' lang='lat' dir='ltr'>non</span> <span class='ocrx_word' id='word_1_121' title='bbox 1833 848 1976 879; x_wconf 88' lang='lat' dir='ltr'>tantum</span> <span class='ocrx_word' id='word_1_122' title='bbox 2004 844 2040 878; x_wconf 91' lang='lat' dir='ltr'>in</span> <span class='ocrx_word' id='word_1_123' title='bbox 2068 844 2221 879; x_wconf 90' lang='lat' dir='ltr'>deorum</span> <span class='ocrx_word' id='word_1_124' title='bbox 2243 842 2378 879; x_wconf 84' lang='lat' dir='ltr'>fabulis</span> <span class='ocrx_word' id='word_1_125' title='bbox 2407 842 2472 878; x_wconf 87' lang='lat' dir='ltr'>sed</span> 
     </span>
     <span class='ocr_line' id='line_1_11' title="bbox 268 902 2473 954; baseline -0.001 -10"><span class='ocrx_word' id='word_1_126' title='bbox 268 908 379 944; x_wconf 89' lang='lat' dir='ltr'>etiam</span> <span class='ocrx_word' id='word_1_127' title='bbox 407 908 443 944; x_wconf 93' lang='lat' dir='ltr'>in</span> <span class='ocrx_word' id='word_1_128' title='bbox 472 909 517 944; x_wconf 92' lang='lat' dir='ltr'>iis</span> <span class='ocrx_word' id='word_1_129' title='bbox 545 908 728 954; x_wconf 88' lang='lat' dir='ltr'>originum</span> <span class='ocrx_word' id='word_1_130' title='bbox 762 911 874 953; x_wconf 90' lang='lat' dir='ltr'>atque</span> <span class='ocrx_word' id='word_1_131' title='bbox 909 905 1155 952; x_wconf 83' lang='lat' dir='ltr'>propaginum</span> <span class='ocrx_word' id='word_1_132' title='bbox 1183 902 1368 949; x_wconf 82' lang='lat' dir='ltr'>figmentis</span> <span class='ocrx_word' id='word_1_133' title='bbox 1402 915 1495 951; x_wconf 86' lang='lat' dir='ltr'>quae</span> <span class='ocrx_word' id='word_1_134' title='bbox 1524 904 1569 940; x_wconf 90' lang='lat' dir='ltr'>de</span> <span class='ocrx_word' id='word_1_135' title='bbox 1597 905 1772 942; x_wconf 75' lang='lat' dir='ltr'>heroibus</span> <span class='ocrx_word' id='word_1_136' title='bbox 1801 910 1913 951; x_wconf 91' lang='lat' dir='ltr'>atque</span> <span class='ocrx_word' id='word_1_137' title='bbox 1942 904 2150 941; x_wconf 86' lang='lat' dir='ltr'>hominibus</span> <span class='ocrx_word' id='word_1_138' title='bbox 2177 905 2213 940; x_wconf 90' lang='lat' dir='ltr'>in</span> <span class='ocrx_word' id='word_1_139' title='bbox 2244 903 2473 950; x_wconf 67' lang='lat' dir='ltr'>mythologie.</span> 
     </span>
     <span class='ocr_line' id='line_1_12' title="bbox 268 965 2472 1013; baseline -0.001 -9"><span class='ocrx_word' id='word_1_140' title='bbox 268 969 521 1005; x_wconf 86' lang='lat' dir='ltr'>traderentur.</span> <span class='ocrx_word' id='word_1_141' title='bbox 551 988 599 993; x_wconf 94' lang='lat'>—</span> <span class='ocrx_word' id='word_1_142' title='bbox 628 968 697 1003; x_wconf 91' lang='lat' dir='ltr'>Est</span> <span class='ocrx_word' id='word_1_143' title='bbox 723 969 761 1003; x_wconf 88' lang='lat' dir='ltr'>in</span> <span class='ocrx_word' id='word_1_144' title='bbox 788 968 1013 1003; x_wconf 88' lang='lat' dir='ltr'>membranis</span> <span class='ocrx_word' id='word_1_145' title='bbox 1042 965 1152 1011; x_wconf 89' lang='grc' dir='ltr'>κλῦτ’,</span> <span class='ocrx_word' id='word_1_146' title='bbox 1180 966 1256 1001; x_wconf 77' lang='grc' dir='ltr'>ἐπεὶ</span> <span class='ocrx_word' id='word_1_147' title='bbox 1284 966 1445 1013; x_wconf 83' lang='grc' dir='ltr'>εὔχομαι,</span> <span class='ocrx_word' id='word_1_148' title='bbox 1483 967 1520 1001; x_wconf 82' lang='grc'>111</span> <span class='ocrx_word' id='word_1_149' title='bbox 1557 967 1653 1012; x_wconf 91' lang='lat' dir='ltr'>quod</span> <span class='ocrx_word' id='word_1_150' title='bbox 1682 978 1762 1002; x_wconf 89' lang='lat' dir='ltr'>cum</span> <span class='ocrx_word' id='word_1_151' title='bbox 1792 968 1981 1003; x_wconf 87' lang='lat' dir='ltr'>maximam</span> <span class='ocrx_word' id='word_1_152' title='bbox 2011 966 2145 1009; x_wconf 78' lang='lat' dir='ltr'>adfert,</span> <span class='ocrx_word' id='word_1_153' title='bbox 2185 971 2351 1002; x_wconf 87' lang='lat' dir='ltr'>metrone</span> <span class='ocrx_word' id='word_1_154' title='bbox 2380 966 2472 1001; x_wconf 84' lang='lat' dir='ltr'>satis</span> 
     </span>
     <span class='ocr_line' id='line_1_13' title="bbox 269 1027 2471 1094; baseline -0.002 -29"><span class='ocrx_word' id='word_1_155' title='bbox 269 1028 318 1065; x_wconf 90' lang='lat' dir='ltr'>sit</span> <span class='ocrx_word' id='word_1_156' title='bbox 353 1039 556 1074; x_wconf 89' lang='lat' dir='ltr'>congruum</span> <span class='ocrx_word' id='word_1_157' title='bbox 594 1027 873 1071; x_wconf 79' lang='lat' dir='ltr'>dubitationem,</span> <span class='ocrx_word' id='word_1_158' title='bbox 911 1038 953 1064; x_wconf 90' lang='lat' dir='ltr'>eo</span> <span class='ocrx_word' id='word_1_159' title='bbox 988 1027 1094 1094; x_wconf 49' lang='lat' dir='ltr'>maffs</span> <span class='ocrx_word' id='word_1_160' title='bbox 1132 1027 1229 1073; x_wconf 90' lang='lat' dir='ltr'>quod</span> <span class='ocrx_word' id='word_1_161' title='bbox 1261 1028 1455 1071; x_wconf 86' lang='lat' dir='ltr'>Pindarus,</span> <span class='ocrx_word' id='word_1_162' title='bbox 1495 1033 1535 1064; x_wconf 90' lang='lat' dir='ltr'>ut</span> <span class='ocrx_word' id='word_1_163' title='bbox 1570 1033 1627 1064; x_wconf 89' lang='lat' dir='ltr'>est</span> <span class='ocrx_word' id='word_1_164' title='bbox 1666 1028 1930 1065; x_wconf 87' lang='lat' dir='ltr'>servandorum</span> <span class='ocrx_word' id='word_1_165' title='bbox 1975 1028 2148 1064; x_wconf 87' lang='lat' dir='ltr'>metrices</span> <span class='ocrx_word' id='word_1_166' title='bbox 2186 1031 2471 1073; x_wconf 85' lang='lat' dir='ltr'>praeceptorum</span> 
     </span>
     <span class='ocr_line' id='line_1_14' title="bbox 269 1087 2474 1135; baseline -0.001 -11"><span class='ocrx_word' id='word_1_167' title='bbox 269 1088 573 1134; x_wconf 87' lang='lat' dir='ltr'>diligentissimus</span> <span class='ocrx_word' id='word_1_168' title='bbox 594 1092 705 1134; x_wconf 83' lang='lat' dir='ltr'>atque</span> <span class='ocrx_word' id='word_1_169' title='bbox 725 1088 1027 1125; x_wconf 88' lang='lat' dir='ltr'>restrictissimus</span> <span class='ocrx_word' id='word_1_170' title='bbox 1047 1089 1277 1132; x_wconf 87' lang='lat' dir='ltr'>aestimator,</span> <span class='ocrx_word' id='word_1_171' title='bbox 1298 1093 1439 1125; x_wconf 88' lang='lat' dir='ltr'>tantum</span> <span class='ocrx_word' id='word_1_172' title='bbox 1460 1101 1531 1125; x_wconf 92' lang='lat' dir='ltr'>non</span> <span class='ocrx_word' id='word_1_173' title='bbox 1553 1101 1698 1135; x_wconf 88' lang='lat' dir='ltr'>semper</span> <span class='ocrx_word' id='word_1_174' title='bbox 1712 1090 1819 1132; x_wconf 81' lang='lat' dir='ltr'>thesi,</span> <span class='ocrx_word' id='word_1_175' title='bbox 1842 1100 1950 1134; x_wconf 89' lang='lat' dir='ltr'>quam</span> <span class='ocrx_word' id='word_1_176' title='bbox 1967 1092 2109 1132; x_wconf 86' lang='lat' dir='ltr'>vocant,</span> <span class='ocrx_word' id='word_1_177' title='bbox 2140 1098 2211 1123; x_wconf 91' lang='lat' dir='ltr'>non</span> <span class='ocrx_word' id='word_1_178' title='bbox 2228 1087 2474 1123; x_wconf 89' lang='lat' dir='ltr'>concessisset</span> 
     </span>
     <span class='ocr_line' id='line_1_15' title="bbox 269 1147 2472 1195; baseline -0.001 -11"><span class='ocrx_word' id='word_1_179' title='bbox 269 1149 379 1184; x_wconf 90' lang='lat' dir='ltr'>ullam</span> <span class='ocrx_word' id='word_1_180' title='bbox 417 1158 511 1192; x_wconf 88' lang='lat' dir='ltr'>quae</span> <span class='ocrx_word' id='word_1_181' title='bbox 547 1148 761 1183; x_wconf 89' lang='lat' dir='ltr'>incurreret</span> <span class='ocrx_word' id='word_1_182' title='bbox 796 1149 832 1183; x_wconf 91' lang='lat' dir='ltr'>in</span> <span class='ocrx_word' id='word_1_183' title='bbox 870 1149 1094 1194; x_wconf 83' lang='lat' dir='ltr'>syllabarum</span> <span class='ocrx_word' id='word_1_184' title='bbox 1130 1149 1324 1194; x_wconf 85' lang='lat' dir='ltr'>longarum</span> <span class='ocrx_word' id='word_1_185' title='bbox 1361 1150 1631 1195; x_wconf 86' lang='lat' dir='ltr'>correptionem</span> <span class='ocrx_word' id='word_1_186' title='bbox 1669 1150 1752 1190; x_wconf 87' lang='lat' dir='ltr'>vim,</span> <span class='ocrx_word' id='word_1_187' title='bbox 1795 1154 1871 1184; x_wconf 90' lang='lat' dir='ltr'>tum</span> <span class='ocrx_word' id='word_1_188' title='bbox 1909 1149 2020 1184; x_wconf 87' lang='lat' dir='ltr'>etiam</span> <span class='ocrx_word' id='word_1_189' title='bbox 2057 1149 2120 1184; x_wconf 87' lang='lat' dir='ltr'>illa</span> <span class='ocrx_word' id='word_1_190' title='bbox 2155 1158 2243 1184; x_wconf 89' lang='lat' dir='ltr'>voce</span> <span class='ocrx_word' id='word_1_191' title='bbox 2281 1147 2472 1182; x_wconf 79' lang='grc' dir='ltr'>ἐπακοοῖτε</span> 
     </span>
     <span class='ocr_line' id='line_1_16' title="bbox 268 1206 2474 1257; baseline -0.001 -12"><span class='ocrx_word' id='word_1_192' title='bbox 268 1220 398 1245; x_wconf 89' lang='lat' dir='ltr'>versus</span> <span class='ocrx_word' id='word_1_193' title='bbox 428 1207 507 1244; x_wconf 63' lang='lat' dir='ltr'>15¹²*i</span> <span class='ocrx_word' id='word_1_194' title='bbox 544 1219 638 1254; x_wconf 87' lang='lat' dir='ltr'>quae</span> <span class='ocrx_word' id='word_1_195' title='bbox 666 1213 725 1245; x_wconf 84' lang='lat' dir='ltr'>est</span> <span class='ocrx_word' id='word_1_196' title='bbox 751 1209 832 1255; x_wconf 84' lang='lat' dir='ltr'>ipsa</span> <span class='ocrx_word' id='word_1_197' title='bbox 860 1220 943 1246; x_wconf 86' lang='lat' dir='ltr'>cum</span> <span class='ocrx_word' id='word_1_198' title='bbox 972 1212 1156 1257; x_wconf 81' lang='lat' dir='ltr'>gravitate</span> <span class='ocrx_word' id='word_1_199' title='bbox 1184 1211 1452 1257; x_wconf 82' lang='lat' dir='ltr'>redintegratio</span> <span class='ocrx_word' id='word_1_200' title='bbox 1482 1211 1663 1248; x_wconf 85' lang='lat' dir='ltr'>duntaxat.</span> <span class='ocrx_word' id='word_1_201' title='bbox 1690 1211 1799 1247; x_wconf 87' lang='lat' dir='ltr'>huius</span> <span class='ocrx_word' id='word_1_202' title='bbox 1827 1211 1861 1246; x_wconf 90' lang='lat' dir='ltr'>in</span> <span class='ocrx_word' id='word_1_203' title='bbox 1893 1210 1987 1256; x_wconf 90' lang='lat' dir='ltr'>quod</span> <span class='ocrx_word' id='word_1_204' title='bbox 2009 1210 2085 1255; x_wconf 90' lang='lat' dir='ltr'>jam</span> <span class='ocrx_word' id='word_1_205' title='bbox 2114 1209 2344 1255; x_wconf 91' lang='lat' dir='ltr'>anquirimus</span> <span class='ocrx_word' id='word_1_206' title='bbox 2373 1206 2474 1244; x_wconf 88' lang='grc' dir='ltr'>κλῦτ’</span> 
     </span>
     <span class='ocr_line' id='line_1_17' title="bbox 267 1268 922 1318; baseline 0 -14"><span class='ocrx_word' id='word_1_207' title='bbox 267 1271 324 1305; x_wconf 82' lang='grc' dir='ltr'>ἔπι</span> <span class='ocrx_word' id='word_1_208' title='bbox 353 1269 415 1317; x_wconf 76' lang='lat'>(-</span> <span class='ocrx_word' id='word_1_209' title='bbox 445 1268 650 1318; x_wconf 82' lang='grc' dir='ltr'>ἐπίκλυτε),</span> <span class='ocrx_word' id='word_1_210' title='bbox 671 1271 922 1316; x_wconf 86' lang='lat' dir='ltr'>redarguitur.</span> 
     </span>
    </p>

    <p class='ocr_par' dir='ltr' id='par_1_3' title="bbox 266 1331 2474 1793">
     <span class='ocr_line' id='line_1_18' title="bbox 390 1331 2473 1380; baseline -0.001 -12"><span class='ocrx_word' id='word_1_211' title='bbox 390 1333 468 1368; x_wconf 91' lang='lat' dir='ltr'>Hoc</span> <span class='ocrx_word' id='word_1_212' title='bbox 496 1332 748 1377; x_wconf 90' lang='lat' dir='ltr'>reponendum</span> <span class='ocrx_word' id='word_1_213' title='bbox 777 1333 874 1367; x_wconf 90' lang='lat' dir='ltr'>enim</span> <span class='ocrx_word' id='word_1_214' title='bbox 903 1343 969 1368; x_wconf 91' lang='lat' dir='ltr'>suo</span> <span class='ocrx_word' id='word_1_215' title='bbox 999 1332 1035 1367; x_wconf 93' lang='lat' dir='ltr'>in</span> <span class='ocrx_word' id='word_1_216' title='bbox 1063 1333 1142 1368; x_wconf 90' lang='grc'>1000</span> <span class='ocrx_word' id='word_1_217' title='bbox 1167 1332 1373 1377; x_wconf 87' lang='lat' dir='ltr'>judicamus</span> <span class='ocrx_word' id='word_1_218' title='bbox 1393 1331 1494 1368; x_wconf 82' lang='grc' dir='ltr'>κλῦτ’</span> <span class='ocrx_word' id='word_1_219' title='bbox 1512 1333 1582 1377; x_wconf 81' lang='grc' dir='ltr'>ἔπι,</span> <span class='ocrx_word' id='word_1_220' title='bbox 1602 1334 1753 1380; x_wconf 83' lang='grc' dir='ltr'>εὔχομαι</span> <span class='ocrx_word' id='word_1_221' title='bbox 1776 1333 1797 1367; x_wconf 83' lang='grc'>1.</span> <span class='ocrx_word' id='word_1_222' title='bbox 1819 1343 1848 1367; x_wconf 91' lang='grc'>8.</span> <span class='ocrx_word' id='word_1_223' title='bbox 1871 1332 1962 1375; x_wconf 86' lang='lat' dir='ltr'>date,</span> <span class='ocrx_word' id='word_1_224' title='bbox 1991 1343 2133 1377; x_wconf 80' lang='lat' dir='ltr'>quaeso,</span> <span class='ocrx_word' id='word_1_225' title='bbox 2162 1342 2309 1376; x_wconf 80' lang='lat' dir='ltr'>operam</span> <span class='ocrx_word' id='word_1_226' title='bbox 2328 1331 2473 1367; x_wconf 78' lang='lat' dir='ltr'>canenti</span> 
     </span>
     <span class='ocr_line' id='line_1_19' title="bbox 268 1390 2474 1438; baseline 0 -11"><span class='ocrx_word' id='word_1_227' title='bbox 268 1394 375 1438; x_wconf 82' lang='lat' dir='ltr'>atque</span> <span class='ocrx_word' id='word_1_228' title='bbox 418 1391 525 1427; x_wconf 81' lang='lat' dir='ltr'>illum</span> <span class='ocrx_word' id='word_1_229' title='bbox 570 1391 757 1434; x_wconf 83' lang='lat' dir='ltr'>attendite,</span> <span class='ocrx_word' id='word_1_230' title='bbox 802 1391 930 1434; x_wconf 76' lang='lat' dir='ltr'>verbis,</span> <span class='ocrx_word' id='word_1_231' title='bbox 965 1390 1005 1426; x_wconf 83' lang='lat' dir='ltr'>id</span> <span class='ocrx_word' id='word_1_232' title='bbox 1037 1402 1099 1426; x_wconf 89' lang='lat' dir='ltr'>vos</span> <span class='ocrx_word' id='word_1_233' title='bbox 1135 1402 1206 1435; x_wconf 80' lang='grc' dir='ltr'>ονο,</span> <span class='ocrx_word' id='word_1_234' title='bbox 1247 1391 1480 1437; x_wconf 78' lang='lat' dir='ltr'>supplicibus,</span> <span class='ocrx_word' id='word_1_235' title='bbox 1527 1392 1630 1427; x_wconf 88' lang='lat' dir='ltr'>cuius</span> <span class='ocrx_word' id='word_1_236' title='bbox 1673 1392 1818 1438; x_wconf 87' lang='lat' dir='ltr'>quidem</span> <span class='ocrx_word' id='word_1_237' title='bbox 1859 1393 2108 1429; x_wconf 89' lang='lat' dir='ltr'>adiumentum</span> <span class='ocrx_word' id='word_1_238' title='bbox 2148 1392 2474 1437; x_wconf 85' lang='lat' dir='ltr'>interpretationis</span> 
     </span>
     <span class='ocr_line' id='line_1_20' title="bbox 268 1450 2472 1501; baseline 0 -14"><span class='ocrx_word' id='word_1_239' title='bbox 268 1453 500 1496; x_wconf 89' lang='lat' dir='ltr'>depromitur</span> <span class='ocrx_word' id='word_1_240' title='bbox 527 1463 572 1487; x_wconf 87' lang='lat' dir='ltr'>ex</span> <span class='ocrx_word' id='word_1_241' title='bbox 599 1452 676 1487; x_wconf 85' lang='lat' dir='ltr'>his:</span> <span class='ocrx_word' id='word_1_242' title='bbox 707 1478 867 1485; x_wconf 91' lang='grc'><strong>.....</strong></span> <span class='ocrx_word' id='word_1_243' title='bbox 922 1450 1076 1498; x_wconf 78' lang='grc' dir='ltr'>Ἀγλαΐα</span> <span class='ocrx_word' id='word_1_244' title='bbox 1105 1479 1265 1486; x_wconf 93' lang='grc'><strong>.....</strong></span> <span class='ocrx_word' id='word_1_245' title='bbox 1294 1452 1518 1498; x_wconf 76' lang='grc' dir='ltr'>Εὐφροσύνα,</span> <span class='ocrx_word' id='word_1_246' title='bbox 1552 1451 1670 1487; x_wconf 82' lang='grc' dir='ltr'>Θαλία</span> <span class='ocrx_word' id='word_1_247' title='bbox 1697 1464 1734 1487; x_wconf 89' lang='grc' dir='ltr'>τε</span> <span class='ocrx_word' id='word_1_248' title='bbox 1763 1452 2002 1501; x_wconf 80' lang='grc' dir='ltr'>(ἐπακούοι)</span> <span class='ocrx_word' id='word_1_249' title='bbox 2031 1453 2171 1488; x_wconf 78' lang='grc' dir='ltr'>ἰδοῖσα</span> <span class='ocrx_word' id='word_1_250' title='bbox 2199 1453 2299 1488; x_wconf 74' lang='grc' dir='ltr'>τόνδε</span> <span class='ocrx_word' id='word_1_251' title='bbox 2328 1458 2472 1499; x_wconf 89' lang='grc' dir='ltr'>κῶμον</span> 
     </span>
     <span class='ocr_line' id='line_1_21' title="bbox 269 1510 2470 1561; baseline 0.001 -15"><span class='ocrx_word' id='word_1_252' title='bbox 269 1539 431 1547; x_wconf 85' lang='grc'><strong>.....</strong></span> <span class='ocrx_word' id='word_1_253' title='bbox 462 1512 581 1560; x_wconf 86' lang='grc' dir='ltr'>Λυδίῳ</span> <span class='ocrx_word' id='word_1_254' title='bbox 606 1510 788 1548; x_wconf 75' lang='grc' dir='ltr'>Ἀσὼπιον</span> <span class='ocrx_word' id='word_1_255' title='bbox 803 1513 827 1559; x_wconf 89' lang='lat'>¹)</span> <span class='ocrx_word' id='word_1_256' title='bbox 856 1513 892 1548; x_wconf 85' lang='grc' dir='ltr'>ἐν</span> <span class='ocrx_word' id='word_1_257' title='bbox 921 1513 1039 1560; x_wconf 77' lang='grc' dir='ltr'>τρόπῳ</span> <span class='ocrx_word' id='word_1_258' title='bbox 1067 1513 1103 1548; x_wconf 83' lang='grc' dir='ltr'>ἔν</span> <span class='ocrx_word' id='word_1_259' title='bbox 1132 1524 1169 1548; x_wconf 90' lang='grc' dir='ltr'>τε</span> <span class='ocrx_word' id='word_1_260' title='bbox 1197 1512 1359 1559; x_wconf 78' lang='grc' dir='ltr'>μελέταις</span> <span class='ocrx_word' id='word_1_261' title='bbox 1387 1511 1542 1547; x_wconf 84' lang='grc' dir='ltr'>ἀείδων</span> <span class='ocrx_word' id='word_1_262' title='bbox 1570 1512 1708 1559; x_wconf 80' lang='grc' dir='ltr'>ἔμολεν,</span> <span class='ocrx_word' id='word_1_263' title='bbox 1737 1512 1853 1549; x_wconf 76' lang='grc' dir='ltr'>οὕνεκ’</span> <span class='ocrx_word' id='word_1_264' title='bbox 1878 1512 2151 1561; x_wconf 70' lang='grc' dir='ltr'>Ὀλυμπιόνικος</span> <span class='ocrx_word' id='word_1_265' title='bbox 2179 1514 2202 1549; x_wconf 82' lang='grc' dir='ltr'><strong><em>ἁ</em></strong></span> <span class='ocrx_word' id='word_1_266' title='bbox 2230 1513 2379 1549; x_wconf 83' lang='grc' dir='ltr'>Μινυεία</span> <span class='ocrx_word' id='word_1_267' title='bbox 2409 1519 2470 1549; x_wconf 84' lang='grc' dir='ltr'>σεῦ</span> 
     </span>
     <span class='ocr_line' id='line_1_22' title="bbox 266 1572 2472 1620; baseline 0.001 -12"><span class='ocrx_word' id='word_1_268' title='bbox 266 1575 379 1618; x_wconf 85' lang='grc' dir='ltr'>ἕκατι,</span> <span class='ocrx_word' id='word_1_269' title='bbox 416 1574 549 1618; x_wconf 92' lang='lat' dir='ltr'>quibus</span> <span class='ocrx_word' id='word_1_270' title='bbox 577 1574 700 1609; x_wconf 87' lang='lat' dir='ltr'>verbis</span> <span class='ocrx_word' id='word_1_271' title='bbox 739 1578 848 1617; x_wconf 89' lang='lat' dir='ltr'>poeta</span> <span class='ocrx_word' id='word_1_272' title='bbox 877 1572 1027 1608; x_wconf 84' lang='lat' dir='ltr'>Gratias</span> <span class='ocrx_word' id='word_1_273' title='bbox 1066 1584 1109 1608; x_wconf 90' lang='lat' dir='ltr'>eo</span> <span class='ocrx_word' id='word_1_274' title='bbox 1146 1574 1251 1608; x_wconf 89' lang='lat' dir='ltr'>maiis</span> <span class='ocrx_word' id='word_1_275' title='bbox 1288 1573 1449 1608; x_wconf 84' lang='lat' dir='ltr'>adlicere</span> <span class='ocrx_word' id='word_1_276' title='bbox 1486 1576 1597 1616; x_wconf 88' lang='lat' dir='ltr'>atque</span> <span class='ocrx_word' id='word_1_277' title='bbox 1635 1573 1828 1609; x_wconf 83' lang='lat' dir='ltr'>attrahere</span> <span class='ocrx_word' id='word_1_278' title='bbox 1865 1576 2001 1617; x_wconf 88' lang='lat' dir='ltr'>studet,</span> <span class='ocrx_word' id='word_1_279' title='bbox 2040 1586 2111 1620; x_wconf 92' lang='lat' dir='ltr'>quo</span> <span class='ocrx_word' id='word_1_280' title='bbox 2149 1575 2358 1620; x_wconf 88' lang='lat' dir='ltr'>pollicetur,</span> <span class='ocrx_word' id='word_1_281' title='bbox 2398 1575 2472 1610; x_wconf 91' lang='lat' dir='ltr'>illis</span> 
     </span>
     <span class='ocr_line' id='line_1_23' title="bbox 268 1632 2471 1682; baseline 0 -12"><span class='ocrx_word' id='word_1_282' title='bbox 268 1645 412 1680; x_wconf 91' lang='lat' dir='ltr'>quoque</span> <span class='ocrx_word' id='word_1_283' title='bbox 450 1645 489 1670; x_wconf 91' lang='lat' dir='ltr'>se</span> <span class='ocrx_word' id='word_1_284' title='bbox 525 1639 670 1679; x_wconf 88' lang='lat' dir='ltr'>partem</span> <span class='ocrx_word' id='word_1_285' title='bbox 704 1635 863 1678; x_wconf 87' lang='lat' dir='ltr'>aliquam</span> <span class='ocrx_word' id='word_1_286' title='bbox 901 1632 1021 1668; x_wconf 86' lang='lat' dir='ltr'>laudis</span> <span class='ocrx_word' id='word_1_287' title='bbox 1057 1632 1280 1677; x_wconf 87' lang='lat' dir='ltr'>largiturum</span> <span class='ocrx_word' id='word_1_288' title='bbox 1316 1633 1555 1679; x_wconf 85' lang='lat' dir='ltr'>futurumque</span> <span class='ocrx_word' id='word_1_289' title='bbox 1592 1645 1673 1669; x_wconf 86' lang='lat' dir='ltr'>esse</span> <span class='ocrx_word' id='word_1_290' title='bbox 1710 1640 1749 1670; x_wconf 91' lang='lat' dir='ltr'>ut</span> <span class='ocrx_word' id='word_1_291' title='bbox 1787 1637 1958 1672; x_wconf 72' lang='lat' dir='ltr'>carminis</span> <span class='ocrx_word' id='word_1_292' title='bbox 1995 1637 2073 1672; x_wconf 88' lang='lat' dir='ltr'>eius</span> <span class='ocrx_word' id='word_1_293' title='bbox 2103 1637 2199 1682; x_wconf 92' lang='lat' dir='ltr'>quod</span> <span class='ocrx_word' id='word_1_294' title='bbox 2228 1637 2265 1671; x_wconf 92' lang='lat' dir='ltr'>in</span> <span class='ocrx_word' id='word_1_295' title='bbox 2294 1636 2471 1672; x_wconf 88' lang='lat' dir='ltr'>honorem</span> 
     </span>
     <span class='ocr_line' id='line_1_24' title="bbox 266 1692 2470 1742; baseline 0.001 -13"><span class='ocrx_word' id='word_1_296' title='bbox 266 1694 393 1739; x_wconf 88' lang='lat' dir='ltr'>Asopii</span> <span class='ocrx_word' id='word_1_297' title='bbox 414 1704 436 1730; x_wconf 89' lang='lat' dir='ltr'>a</span> <span class='ocrx_word' id='word_1_298' title='bbox 455 1694 568 1731; x_wconf 86' lang='lat' dir='ltr'>choro</span> <span class='ocrx_word' id='word_1_299' title='bbox 587 1699 766 1740; x_wconf 88' lang='lat' dir='ltr'>ageretur</span> <span class='ocrx_word' id='word_1_300' title='bbox 793 1694 919 1730; x_wconf 89' lang='lat' dir='ltr'>debita</span> <span class='ocrx_word' id='word_1_301' title='bbox 946 1694 983 1729; x_wconf 92' lang='lat' dir='ltr'>in</span> <span class='ocrx_word' id='word_1_302' title='bbox 1012 1692 1094 1729; x_wconf 88' lang='lat' dir='ltr'>illas</span> <span class='ocrx_word' id='word_1_303' title='bbox 1120 1704 1264 1740; x_wconf 88' lang='lat' dir='ltr'>quoque</span> <span class='ocrx_word' id='word_1_304' title='bbox 1284 1705 1371 1740; x_wconf 87' lang='lat' dir='ltr'>pars</span> <span class='ocrx_word' id='word_1_305' title='bbox 1392 1701 1641 1740; x_wconf 81' lang='lat' dir='ltr'>permanaret,</span> <span class='ocrx_word' id='word_1_306' title='bbox 1672 1706 1790 1741; x_wconf 90' lang='lat' dir='ltr'>neque</span> <span class='ocrx_word' id='word_1_307' title='bbox 1819 1707 1899 1732; x_wconf 85' lang='lat' dir='ltr'>esse</span> <span class='ocrx_word' id='word_1_308' title='bbox 1929 1696 2131 1742; x_wconf 88' lang='lat' dir='ltr'>periculum</span> <span class='ocrx_word' id='word_1_309' title='bbox 2161 1702 2202 1733; x_wconf 93' lang='lat' dir='ltr'>ut</span> <span class='ocrx_word' id='word_1_310' title='bbox 2230 1707 2296 1732; x_wconf 86' lang='lat' dir='ltr'>eae</span> <span class='ocrx_word' id='word_1_311' title='bbox 2325 1706 2470 1742; x_wconf 91' lang='lat' dir='ltr'>quoque</span> 
     </span>
     <span class='ocr_line' id='line_1_25' title="bbox 266 1755 929 1793; baseline 0 -2"><span class='ocrx_word' id='word_1_312' title='bbox 266 1766 311 1791; x_wconf 90' lang='lat' dir='ltr'>ne</span> <span class='ocrx_word' id='word_1_313' title='bbox 339 1755 429 1791; x_wconf 90' lang='lat' dir='ltr'>nihil</span> <span class='ocrx_word' id='word_1_314' title='bbox 458 1756 542 1792; x_wconf 92' lang='lat' dir='ltr'>inde</span> <span class='ocrx_word' id='word_1_315' title='bbox 570 1759 696 1793; x_wconf 88' lang='lat' dir='ltr'>essent</span> <span class='ocrx_word' id='word_1_316' title='bbox 723 1755 929 1791; x_wconf 86' lang='lat' dir='ltr'>ablaturae.</span> 
     </span>
    </p>
   </div>
   <div class='ocr_carea' id='block_1_3' title="bbox 255 1824 2470 3022">
    <p class='ocr_par' dir='ltr' id='par_1_4' title="bbox 255 1824 2470 2830">
     <span class='ocr_line' id='line_1_26' title="bbox 388 1824 2469 1875; baseline 0.002 -15"><span class='ocrx_word' id='word_1_317' title='bbox 388 1825 430 1860; x_wconf 90' lang='lat' dir='ltr'>V.</span> <span class='ocrx_word' id='word_1_318' title='bbox 460 1824 571 1862; x_wconf 85' lang='lat'>5—6.</span> <span class='ocrx_word' id='word_1_319' title='bbox 609 1825 651 1860; x_wconf 92' lang='lat' dir='ltr'>In</span> <span class='ocrx_word' id='word_1_320' title='bbox 671 1825 765 1861; x_wconf 91' lang='lat' dir='ltr'>libro</span> <span class='ocrx_word' id='word_1_321' title='bbox 791 1826 930 1870; x_wconf 91' lang='lat' dir='ltr'>scripto</span> <span class='ocrx_word' id='word_1_322' title='bbox 949 1826 1032 1862; x_wconf 86' lang='lat' dir='ltr'>Vat.</span> <span class='ocrx_word' id='word_1_323' title='bbox 1055 1826 1085 1861; x_wconf 91' lang='lat' dir='ltr'><strong>B</strong></span> <span class='ocrx_word' id='word_1_324' title='bbox 1103 1825 1243 1871; x_wconf 86' lang='lat' dir='ltr'>legitur</span> <span class='ocrx_word' id='word_1_325' title='bbox 1261 1828 1323 1861; x_wconf 82' lang='grc' dir='ltr'>σὺν</span> <span class='ocrx_word' id='word_1_326' title='bbox 1350 1828 1419 1874; x_wconf 82' lang='grc' dir='ltr'>γὰρ</span> <span class='ocrx_word' id='word_1_327' title='bbox 1447 1828 1529 1874; x_wconf 83' lang='grc' dir='ltr'>ὑμῖν</span> <span class='ocrx_word' id='word_1_328' title='bbox 1557 1830 1600 1863; x_wconf 81' lang='grc' dir='ltr'>τὰ</span> <span class='ocrx_word' id='word_1_329' title='bbox 1628 1831 1771 1875; x_wconf 84' lang='grc' dir='ltr'>τερπνὰ,</span> <span class='ocrx_word' id='word_1_330' title='bbox 1802 1831 1897 1875; x_wconf 87' lang='lat' dir='ltr'>quod</span> <span class='ocrx_word' id='word_1_331' title='bbox 1917 1830 2062 1866; x_wconf 91' lang='lat' dir='ltr'>omnino</span> <span class='ocrx_word' id='word_1_332' title='bbox 2082 1830 2262 1866; x_wconf 88' lang='lat' dir='ltr'>abhorret</span> <span class='ocrx_word' id='word_1_333' title='bbox 2289 1841 2310 1866; x_wconf 90' lang='lat' dir='ltr'>a</span> <span class='ocrx_word' id='word_1_334' title='bbox 2338 1835 2469 1867; x_wconf 88' lang='lat' dir='ltr'>metro.</span> 
     </span>
     <span class='ocr_line' id='line_1_27' title="bbox 267 1883 2470 1936; baseline 0.003 -14"><span class='ocrx_word' id='word_1_335' title='bbox 267 1883 502 1922; x_wconf 87' lang='lat' dir='ltr'>Godofredus</span> <span class='ocrx_word' id='word_1_336' title='bbox 521 1886 757 1923; x_wconf 88' lang='lat' dir='ltr'>Hermannus</span> <span class='ocrx_word' id='word_1_337' title='bbox 776 1890 836 1922; x_wconf 89' lang='lat' dir='ltr'>ter</span> <span class='ocrx_word' id='word_1_338' title='bbox 854 1886 914 1923; x_wconf 90' lang='lat' dir='ltr'>hic</span> <span class='ocrx_word' id='word_1_339' title='bbox 933 1886 1092 1923; x_wconf 88' lang='lat' dir='ltr'>evolavit</span> <span class='ocrx_word' id='word_1_340' title='bbox 1120 1892 1231 1933; x_wconf 88' lang='lat' dir='ltr'>atque</span> <span class='ocrx_word' id='word_1_341' title='bbox 1260 1899 1280 1924; x_wconf 90' lang='lat' dir='ltr'>e</span> <span class='ocrx_word' id='word_1_342' title='bbox 1309 1888 1521 1925; x_wconf 88' lang='lat' dir='ltr'>carceribus</span> <span class='ocrx_word' id='word_1_343' title='bbox 1550 1894 1725 1936; x_wconf 89' lang='lat' dir='ltr'>tanquam</span> <span class='ocrx_word' id='word_1_344' title='bbox 1755 1891 1843 1926; x_wconf 85' lang='lat' dir='ltr'>exiit</span> <span class='ocrx_word' id='word_1_345' title='bbox 1871 1890 2089 1926; x_wconf 88' lang='lat' dir='ltr'>emendandi</span> <span class='ocrx_word' id='word_1_346' title='bbox 2115 1901 2239 1935; x_wconf 87' lang='lat' dir='ltr'>causa,</span> <span class='ocrx_word' id='word_1_347' title='bbox 2267 1896 2327 1928; x_wconf 90' lang='lat' dir='ltr'>ter</span> <span class='ocrx_word' id='word_1_348' title='bbox 2346 1896 2470 1928; x_wconf 88' lang='lat' dir='ltr'>autem</span> 
     </span>
     <span class='ocr_line' id='line_1_28' title="bbox 266 1947 2469 1995; baseline 0.002 -13"><span class='ocrx_word' id='word_1_349' title='bbox 266 1956 288 1981; x_wconf 85' lang='lat' dir='ltr'>a</span> <span class='ocrx_word' id='word_1_350' title='bbox 315 1947 505 1991; x_wconf 92' lang='lat' dir='ltr'>proposito</span> <span class='ocrx_word' id='word_1_351' title='bbox 543 1957 608 1983; x_wconf 93' lang='lat' dir='ltr'>suo</span> <span class='ocrx_word' id='word_1_352' title='bbox 643 1948 823 1983; x_wconf 89' lang='lat' dir='ltr'>aberrans</span> <span class='ocrx_word' id='word_1_353' title='bbox 861 1947 1085 1984; x_wconf 91' lang='lat' dir='ltr'>destinatum</span> <span class='ocrx_word' id='word_1_354' title='bbox 1115 1948 1230 1985; x_wconf 85' lang='lat' dir='ltr'>ferire</span> <span class='ocrx_word' id='word_1_355' title='bbox 1259 1960 1330 1984; x_wconf 92' lang='lat' dir='ltr'>non</span> <span class='ocrx_word' id='word_1_356' title='bbox 1358 1953 1550 1994; x_wconf 87' lang='lat' dir='ltr'>potuerat:</span> <span class='ocrx_word' id='word_1_357' title='bbox 1588 1952 1707 1995; x_wconf 88' lang='lat' dir='ltr'>primo</span> <span class='ocrx_word' id='word_1_358' title='bbox 1744 1950 1888 1995; x_wconf 89' lang='lat' dir='ltr'>quidem</span> <span class='ocrx_word' id='word_1_359' title='bbox 1918 1950 1970 1986; x_wconf 91' lang='lat' dir='ltr'>ita</span> <span class='ocrx_word' id='word_1_360' title='bbox 1998 1949 2185 1995; x_wconf 86' lang='lat' dir='ltr'>refingere</span> <span class='ocrx_word' id='word_1_361' title='bbox 2213 1956 2272 1987; x_wconf 88' lang='lat' dir='ltr'>est</span> <span class='ocrx_word' id='word_1_362' title='bbox 2299 1956 2469 1987; x_wconf 88' lang='lat' dir='ltr'>conatus:</span> 
     </span>
     <span class='ocr_line' id='line_1_29' title="bbox 264 2005 2469 2055; baseline 0.005 -17"><span class='ocrx_word' id='word_1_363' title='bbox 264 2006 327 2039; x_wconf 89' lang='grc' dir='ltr'>σὺν</span> <span class='ocrx_word' id='word_1_364' title='bbox 355 2006 426 2051; x_wconf 86' lang='grc' dir='ltr'>γὰρ</span> <span class='ocrx_word' id='word_1_365' title='bbox 453 2005 534 2051; x_wconf 87' lang='grc' dir='ltr'>ὑμῖν</span> <span class='ocrx_word' id='word_1_366' title='bbox 562 2006 606 2039; x_wconf 82' lang='grc' dir='ltr'>τά</span> <span class='ocrx_word' id='word_1_367' title='bbox 634 2017 671 2040; x_wconf 90' lang='grc' dir='ltr'>τε</span> <span class='ocrx_word' id='word_1_368' title='bbox 698 2007 843 2052; x_wconf 83' lang='grc' dir='ltr'>τερπνὰ,</span> <span class='ocrx_word' id='word_1_369' title='bbox 880 2007 1030 2043; x_wconf 89' lang='lat' dir='ltr'>deinde:</span> <span class='ocrx_word' id='word_1_370' title='bbox 1068 2009 1131 2043; x_wconf 84' lang='grc' dir='ltr'>σὺν</span> <span class='ocrx_word' id='word_1_371' title='bbox 1158 2010 1229 2055; x_wconf 84' lang='grc' dir='ltr'>γὰρ</span> <span class='ocrx_word' id='word_1_372' title='bbox 1257 2010 1361 2055; x_wconf 85' lang='grc' dir='ltr'>ὔμμιν</span> <span class='ocrx_word' id='word_1_373' title='bbox 1389 2008 1432 2043; x_wconf 85' lang='grc' dir='ltr'>τά</span> <span class='ocrx_word' id='word_1_374' title='bbox 1458 2021 1500 2055; x_wconf 83' lang='grc' dir='ltr'>γε</span> <span class='ocrx_word' id='word_1_375' title='bbox 1528 2013 1672 2055; x_wconf 82' lang='grc' dir='ltr'>τερπνὰ,</span> <span class='ocrx_word' id='word_1_376' title='bbox 1709 2012 1744 2046; x_wconf 87' lang='grc'>111</span> <span class='ocrx_word' id='word_1_377' title='bbox 1783 2011 1913 2055; x_wconf 89' lang='lat' dir='ltr'>quibus</span> <span class='ocrx_word' id='word_1_378' title='bbox 1951 2012 2224 2055; x_wconf 89' lang='lat' dir='ltr'>posterioribus</span> <span class='ocrx_word' id='word_1_379' title='bbox 2262 2013 2385 2048; x_wconf 90' lang='lat' dir='ltr'>verbis</span> <span class='ocrx_word' id='word_1_380' title='bbox 2425 2014 2469 2049; x_wconf 92' lang='lat' dir='ltr'>ab</span> 
     </span>
     <span class='ocr_line' id='line_1_30' title="bbox 262 2065 2469 2118; baseline 0.005 -18"><span class='ocrx_word' id='word_1_381' title='bbox 262 2065 326 2100; x_wconf 92' lang='lat' dir='ltr'>illo</span> <span class='ocrx_word' id='word_1_382' title='bbox 345 2065 424 2101; x_wconf 89' lang='lat' dir='ltr'>viro</span> <span class='ocrx_word' id='word_1_383' title='bbox 445 2065 708 2102; x_wconf 84' lang='lat' dir='ltr'>commendatis</span> <span class='ocrx_word' id='word_1_384' title='bbox 728 2066 827 2102; x_wconf 89' lang='lat' dir='ltr'>haud</span> <span class='ocrx_word' id='word_1_385' title='bbox 848 2066 943 2102; x_wconf 93' lang='lat' dir='ltr'>ullus</span> <span class='ocrx_word' id='word_1_386' title='bbox 968 2072 1121 2113; x_wconf 85' lang='lat' dir='ltr'>praeter</span> <span class='ocrx_word' id='word_1_387' title='bbox 1146 2069 1236 2105; x_wconf 92' lang='lat' dir='ltr'>illud</span> <span class='ocrx_word' id='word_1_388' title='bbox 1265 2070 1370 2116; x_wconf 88' lang='grc' dir='ltr'>ὔμμιν</span> <span class='ocrx_word' id='word_1_389' title='bbox 1398 2069 1442 2105; x_wconf 85' lang='grc'>311</span> <span class='ocrx_word' id='word_1_390' title='bbox 1472 2069 1626 2106; x_wconf 83' lang='lat' dir='ltr'>meliora</span> <span class='ocrx_word' id='word_1_391' title='bbox 1654 2071 1690 2106; x_wconf 93' lang='lat' dir='ltr'>in</span> <span class='ocrx_word' id='word_1_392' title='bbox 1719 2071 1938 2115; x_wconf 80' lang='lat' dir='ltr'>corrigendo</span> <span class='ocrx_word' id='word_1_393' title='bbox 1966 2082 2165 2116; x_wconf 89' lang='lat' dir='ltr'>processus</span> <span class='ocrx_word' id='word_1_394' title='bbox 2187 2078 2298 2118; x_wconf 90' lang='lat' dir='ltr'>queat</span> <span class='ocrx_word' id='word_1_395' title='bbox 2319 2074 2469 2110; x_wconf 86' lang='lat' dir='ltr'>sentiri:</span> 
     </span>
     <span class='ocr_line' id='line_1_31' title="bbox 263 2128 2468 2178; baseline 0.004 -17"><span class='ocrx_word' id='word_1_396' title='bbox 263 2130 302 2161; x_wconf 88' lang='lat' dir='ltr'>at</span> <span class='ocrx_word' id='word_1_397' title='bbox 336 2135 443 2170; x_wconf 88' lang='lat' dir='ltr'>quam</span> <span class='ocrx_word' id='word_1_398' title='bbox 482 2130 727 2170; x_wconf 89' lang='lat' dir='ltr'>praepostera</span> <span class='ocrx_word' id='word_1_399' title='bbox 759 2131 871 2172; x_wconf 83' lang='lat' dir='ltr'>atque</span> <span class='ocrx_word' id='word_1_400' title='bbox 899 2128 1032 2163; x_wconf 88' lang='lat' dir='ltr'>vitiosa</span> <span class='ocrx_word' id='word_1_401' title='bbox 1067 2129 1165 2165; x_wconf 90' lang='lat' dir='ltr'>illius</span> <span class='ocrx_word' id='word_1_402' title='bbox 1201 2129 1244 2176; x_wconf 88' lang='grc' dir='ltr'>γὲ</span> <span class='ocrx_word' id='word_1_403' title='bbox 1279 2130 1315 2165; x_wconf 93' lang='lat' dir='ltr'>in</span> <span class='ocrx_word' id='word_1_404' title='bbox 1348 2130 1414 2165; x_wconf 90' lang='lat' dir='ltr'>hoc</span> <span class='ocrx_word' id='word_1_405' title='bbox 1452 2131 1580 2165; x_wconf 91' lang='lat' dir='ltr'>ordine</span> <span class='ocrx_word' id='word_1_406' title='bbox 1618 2132 1661 2165; x_wconf 78' lang='grc' dir='ltr'>τά</span> <span class='ocrx_word' id='word_1_407' title='bbox 1690 2143 1730 2178; x_wconf 83' lang='grc' dir='ltr'>γε</span> <span class='ocrx_word' id='word_1_408' title='bbox 1758 2133 1890 2177; x_wconf 82' lang='grc' dir='ltr'>τερπνὰ</span> <span class='ocrx_word' id='word_1_409' title='bbox 1918 2132 2073 2169; x_wconf 86' lang='lat' dir='ltr'>locatio!</span> <span class='ocrx_word' id='word_1_410' title='bbox 2130 2132 2241 2175; x_wconf 89' lang='lat' dir='ltr'>Quasi</span> <span class='ocrx_word' id='word_1_411' title='bbox 2272 2144 2360 2168; x_wconf 92' lang='lat' dir='ltr'>vero</span> <span class='ocrx_word' id='word_1_412' title='bbox 2389 2132 2468 2170; x_wconf 90' lang='lat' dir='ltr'>fieri</span> 
     </span>
     <span class='ocr_line' id='line_1_32' title="bbox 263 2186 2469 2238; baseline 0.004 -18"><span class='ocrx_word' id='word_1_413' title='bbox 263 2196 422 2230; x_wconf 89' lang='lat' dir='ltr'>unquam</span> <span class='ocrx_word' id='word_1_414' title='bbox 443 2186 638 2230; x_wconf 86' lang='lat' dir='ltr'>potuisset,</span> <span class='ocrx_word' id='word_1_415' title='bbox 668 2192 707 2223; x_wconf 89' lang='lat' dir='ltr'>ut</span> <span class='ocrx_word' id='word_1_416' title='bbox 737 2187 921 2223; x_wconf 89' lang='lat' dir='ltr'>Pindarus</span> <span class='ocrx_word' id='word_1_417' title='bbox 949 2189 1018 2225; x_wconf 90' lang='lat' dir='ltr'>hoc</span> <span class='ocrx_word' id='word_1_418' title='bbox 1046 2188 1125 2225; x_wconf 88' lang='lat' dir='ltr'>fere</span> <span class='ocrx_word' id='word_1_419' title='bbox 1153 2195 1261 2234; x_wconf 91' lang='lat' dir='ltr'>pacto</span> <span class='ocrx_word' id='word_1_420' title='bbox 1290 2191 1486 2226; x_wconf 83' lang='lat' dir='ltr'>deliraret:</span> <span class='ocrx_word' id='word_1_421' title='bbox 1524 2202 1603 2225; x_wconf 85' lang='lat' dir='ltr'>cum</span> <span class='ocrx_word' id='word_1_422' title='bbox 1631 2204 1653 2226; x_wconf 88' lang='lat' dir='ltr'>a</span> <span class='ocrx_word' id='word_1_423' title='bbox 1682 2192 1778 2227; x_wconf 76' lang='lat' dir='ltr'>vobis</span> <span class='ocrx_word' id='word_1_424' title='bbox 1805 2192 1948 2237; x_wconf 73' lang='lat' dir='ltr'>quidem</span> <span class='ocrx_word' id='word_1_425' title='bbox 1975 2195 2119 2228; x_wconf 89' lang='lat' dir='ltr'>stamus</span> <span class='ocrx_word' id='word_1_426' title='bbox 2154 2196 2262 2238; x_wconf 80' lang='lat' dir='ltr'>atque</span> <span class='ocrx_word' id='word_1_427' title='bbox 2288 2194 2469 2229; x_wconf 76' lang='lat' dir='ltr'>vobiscum</span> 
     </span>
     <span class='ocr_line' id='line_1_33' title="bbox 262 2246 2469 2297; baseline 0.004 -16"><span class='ocrx_word' id='word_1_428' title='bbox 262 2246 418 2282; x_wconf 77' lang='lat' dir='ltr'>maxime</span> <span class='ocrx_word' id='word_1_429' title='bbox 432 2246 600 2291; x_wconf 76' lang='lat' dir='ltr'>facimus,</span> <span class='ocrx_word' id='word_1_430' title='bbox 629 2249 714 2283; x_wconf 84' lang='lat' dir='ltr'>tunc</span> <span class='ocrx_word' id='word_1_431' title='bbox 740 2260 783 2283; x_wconf 86' lang='lat' dir='ltr'>ea</span> <span class='ocrx_word' id='word_1_432' title='bbox 810 2250 930 2283; x_wconf 82' lang='lat' dir='ltr'>tamen</span> <span class='ocrx_word' id='word_1_433' title='bbox 957 2248 1188 2285; x_wconf 75' lang='lat' dir='ltr'>inveniamus</span> <span class='ocrx_word' id='word_1_434' title='bbox 1215 2262 1307 2295; x_wconf 81' lang='lat' dir='ltr'>quae</span> <span class='ocrx_word' id='word_1_435' title='bbox 1334 2253 1458 2294; x_wconf 78' lang='lat' dir='ltr'>optare</span> <span class='ocrx_word' id='word_1_436' title='bbox 1484 2250 1534 2286; x_wconf 82' lang='lat' dir='ltr'>sit</span> <span class='ocrx_word' id='word_1_437' title='bbox 1554 2252 1727 2295; x_wconf 77' lang='lat' dir='ltr'>pretium,</span> <span class='ocrx_word' id='word_1_438' title='bbox 1756 2255 1796 2287; x_wconf 87' lang='lat' dir='ltr'>ut</span> <span class='ocrx_word' id='word_1_439' title='bbox 1822 2255 1910 2287; x_wconf 85' lang='lat' dir='ltr'>sunt</span> <span class='ocrx_word' id='word_1_440' title='bbox 1929 2252 2100 2297; x_wconf 77' lang='lat' dir='ltr'>jucunda</span> <span class='ocrx_word' id='word_1_441' title='bbox 2128 2256 2160 2289; x_wconf 87' lang='lat' dir='ltr'>et</span> <span class='ocrx_word' id='word_1_442' title='bbox 2187 2254 2320 2289; x_wconf 77' lang='lat' dir='ltr'>suavia</span> <span class='ocrx_word' id='word_1_443' title='bbox 2346 2266 2469 2289; x_wconf 85' lang='lat' dir='ltr'>rerum</span> 
     </span>
     <span class='ocr_line' id='line_1_34' title="bbox 263 2304 2470 2359; baseline 0.004 -18"><span class='ocrx_word' id='word_1_444' title='bbox 263 2305 518 2342; x_wconf 86' lang='lat' dir='ltr'>oblectamenta</span> <span class='ocrx_word' id='word_1_445' title='bbox 545 2304 605 2353; x_wconf 84' lang='grc' dir='ltr'>(τὰ</span> <span class='ocrx_word' id='word_1_446' title='bbox 633 2306 783 2355; x_wconf 84' lang='grc' dir='ltr'>τερπνὰ)</span> <span class='ocrx_word' id='word_1_447' title='bbox 811 2310 843 2344; x_wconf 85' lang='lat' dir='ltr'>et</span> <span class='ocrx_word' id='word_1_448' title='bbox 871 2307 986 2344; x_wconf 84' lang='lat' dir='ltr'>laetae</span> <span class='ocrx_word' id='word_1_449' title='bbox 1013 2307 1238 2354; x_wconf 84' lang='lat' dir='ltr'>blandaeque</span> <span class='ocrx_word' id='word_1_450' title='bbox 1264 2307 1473 2354; x_wconf 82' lang='lat' dir='ltr'>voluptates,</span> <span class='ocrx_word' id='word_1_451' title='bbox 1511 2320 1554 2344; x_wconf 73' lang='lat' dir='ltr'>ex</span> <span class='ocrx_word' id='word_1_452' title='bbox 1581 2308 1666 2345; x_wconf 80' lang='lat' dir='ltr'>aliis</span> <span class='ocrx_word' id='word_1_453' title='bbox 1695 2313 1814 2346; x_wconf 87' lang='lat' dir='ltr'>autem</span> <span class='ocrx_word' id='word_1_454' title='bbox 1835 2314 1985 2356; x_wconf 81' lang='lat' dir='ltr'>praeter</span> <span class='ocrx_word' id='word_1_455' title='bbox 2012 2324 2074 2348; x_wconf 85' lang='lat' dir='ltr'>vos</span> <span class='ocrx_word' id='word_1_456' title='bbox 2102 2325 2145 2348; x_wconf 89' lang='lat' dir='ltr'>ea</span> <span class='ocrx_word' id='word_1_457' title='bbox 2173 2315 2317 2349; x_wconf 87' lang='lat' dir='ltr'>tantum</span> <span class='ocrx_word' id='word_1_458' title='bbox 2345 2325 2470 2359; x_wconf 78' lang='lat' dir='ltr'>capere</span> 
     </span>
     <span class='ocr_line' id='line_1_35' title="bbox 255 2367 2470 2417; baseline 0.003 -15"><span class='ocrx_word' id='word_1_459' title='bbox 255 2367 444 2412; x_wconf 80' lang='lat' dir='ltr'>possimus</span> <span class='ocrx_word' id='word_1_460' title='bbox 471 2379 562 2412; x_wconf 80' lang='lat' dir='ltr'>quae</span> <span class='ocrx_word' id='word_1_461' title='bbox 589 2367 683 2402; x_wconf 78' lang='lat' dir='ltr'>nihil</span> <span class='ocrx_word' id='word_1_462' title='bbox 710 2369 813 2403; x_wconf 78' lang='lat' dir='ltr'>nobis</span> <span class='ocrx_word' id='word_1_463' title='bbox 839 2369 1084 2413; x_wconf 76' lang='lat' dir='ltr'>expetentibus</span> <span class='ocrx_word' id='word_1_464' title='bbox 1112 2369 1224 2413; x_wconf 79' lang='lat' dir='ltr'>diyna</span> <span class='ocrx_word' id='word_1_465' title='bbox 1251 2369 1335 2411; x_wconf 81' lang='lat' dir='ltr'>sint,</span> <span class='ocrx_word' id='word_1_466' title='bbox 1363 2380 1441 2404; x_wconf 85' lang='lat' dir='ltr'>cum</span> <span class='ocrx_word' id='word_1_467' title='bbox 1469 2369 1571 2413; x_wconf 81' lang='lat' dir='ltr'>apud</span> <span class='ocrx_word' id='word_1_468' title='bbox 1597 2369 1680 2405; x_wconf 83' lang='lat' dir='ltr'>illos</span> <span class='ocrx_word' id='word_1_469' title='bbox 1716 2371 1892 2407; x_wconf 76' lang='lat' dir='ltr'>eiusmodi</span> <span class='ocrx_word' id='word_1_470' title='bbox 1917 2372 2063 2416; x_wconf 82' lang='lat' dir='ltr'>frustra</span> <span class='ocrx_word' id='word_1_471' title='bbox 2091 2374 2265 2417; x_wconf 75' lang='lat' dir='ltr'>aucupati</span> <span class='ocrx_word' id='word_1_472' title='bbox 2290 2373 2470 2417; x_wconf 78' lang='lat' dir='ltr'>fuerimus</span> 
     </span>
     <span class='ocr_line' id='line_1_36' title="bbox 262 2427 2469 2477; baseline 0.004 -15"><span class='ocrx_word' id='word_1_473' title='bbox 262 2427 502 2472; x_wconf 90' lang='lat' dir='ltr'>cupediarum</span> <span class='ocrx_word' id='word_1_474' title='bbox 531 2427 652 2463; x_wconf 83' lang='lat' dir='ltr'>frusta</span> <span class='ocrx_word' id='word_1_475' title='bbox 687 2432 798 2473; x_wconf 90' lang='lat' dir='ltr'>atque</span> <span class='ocrx_word' id='word_1_476' title='bbox 836 2429 1087 2466; x_wconf 89' lang='lat' dir='ltr'>bellariorum.</span> <span class='ocrx_word' id='word_1_477' title='bbox 1143 2430 1426 2475; x_wconf 90' lang='lat' dir='ltr'>Lepidissimum</span> <span class='ocrx_word' id='word_1_478' title='bbox 1463 2430 1570 2466; x_wconf 84' lang='lat' dir='ltr'>sane!</span> <span class='ocrx_word' id='word_1_479' title='bbox 1627 2433 1681 2466; x_wconf 82' lang='lat' dir='ltr'>An</span> <span class='ocrx_word' id='word_1_480' title='bbox 1718 2431 1814 2467; x_wconf 85' lang='lat' dir='ltr'>forte</span> <span class='ocrx_word' id='word_1_481' title='bbox 1851 2432 2006 2468; x_wconf 86' lang='lat' dir='ltr'>tertium</span> <span class='ocrx_word' id='word_1_482' title='bbox 2043 2433 2227 2477; x_wconf 86' lang='lat' dir='ltr'>quoddam</span> <span class='ocrx_word' id='word_1_483' title='bbox 2266 2435 2469 2471; x_wconf 90' lang='lat' dir='ltr'>Hermanni</span> 
     </span>
     <span class='ocr_line' id='line_1_37' title="bbox 261 2487 2466 2540; baseline 0.004 -16"><span class='ocrx_word' id='word_1_484' title='bbox 261 2487 457 2525; x_wconf 89' lang='lat' dir='ltr'>clarissimi</span> <span class='ocrx_word' id='word_1_485' title='bbox 495 2488 564 2525; x_wconf 89' lang='lat' dir='ltr'>viri</span> <span class='ocrx_word' id='word_1_486' title='bbox 604 2493 849 2526; x_wconf 90' lang='lat' dir='ltr'>commentum</span> <span class='ocrx_word' id='word_1_487' title='bbox 888 2491 1092 2536; x_wconf 85' lang='lat' dir='ltr'>spectatius</span> <span class='ocrx_word' id='word_1_488' title='bbox 1129 2502 1211 2527; x_wconf 90' lang='lat' dir='ltr'>esse</span> <span class='ocrx_word' id='word_1_489' title='bbox 1248 2491 1449 2537; x_wconf 84' lang='lat' dir='ltr'>poterimus</span> <span class='ocrx_word' id='word_1_490' title='bbox 1485 2491 1530 2527; x_wconf 89' lang='lat' dir='ltr'>ad</span> <span class='ocrx_word' id='word_1_491' title='bbox 1567 2491 1688 2536; x_wconf 81' lang='lat' dir='ltr'>ignem</span> <span class='ocrx_word' id='word_1_492' title='bbox 1725 2492 1992 2538; x_wconf 85' lang='lat' dir='ltr'>obrussamque</span> <span class='ocrx_word' id='word_1_493' title='bbox 2030 2498 2201 2530; x_wconf 84' lang='lat' dir='ltr'>exactum</span> <span class='ocrx_word' id='word_1_494' title='bbox 2238 2495 2466 2540; x_wconf 79' lang='lat' dir='ltr'>praedicare,</span> 
     </span>
     <span class='ocr_line' id='line_1_38' title="bbox 260 2550 2467 2601; baseline 0.003 -17"><span class='ocrx_word' id='word_1_495' title='bbox 260 2550 425 2594; x_wconf 89' lang='lat' dir='ltr'>tertium,</span> <span class='ocrx_word' id='word_1_496' title='bbox 455 2551 616 2595; x_wconf 83' lang='lat' dir='ltr'>inquam,</span> <span class='ocrx_word' id='word_1_497' title='bbox 646 2553 742 2595; x_wconf 92' lang='lat' dir='ltr'>quod</span> <span class='ocrx_word' id='word_1_498' title='bbox 772 2552 838 2586; x_wconf 91' lang='lat' dir='ltr'>Th.</span> <span class='ocrx_word' id='word_1_499' title='bbox 860 2552 1044 2597; x_wconf 87' lang='lat' dir='ltr'>Bergkius</span> <span class='ocrx_word' id='word_1_500' title='bbox 1074 2563 1218 2597; x_wconf 92' lang='lat' dir='ltr'>quoque</span> <span class='ocrx_word' id='word_1_501' title='bbox 1247 2553 1467 2587; x_wconf 88' lang='lat' dir='ltr'>lectissimus</span> <span class='ocrx_word' id='word_1_502' title='bbox 1496 2554 1554 2587; x_wconf 92' lang='lat' dir='ltr'>vir</span> <span class='ocrx_word' id='word_1_503' title='bbox 1581 2564 1686 2588; x_wconf 90' lang='lat' dir='ltr'>suum</span> <span class='ocrx_word' id='word_1_504' title='bbox 1715 2553 1826 2588; x_wconf 71' lang='lat' dir='ltr'>fecit?</span> <span class='ocrx_word' id='word_1_505' title='bbox 1863 2555 1926 2588; x_wconf 71' lang='grc' dir='ltr'>σὺν</span> <span class='ocrx_word' id='word_1_506' title='bbox 1953 2556 2023 2600; x_wconf 82' lang='grc' dir='ltr'>γὰρ</span> <span class='ocrx_word' id='word_1_507' title='bbox 2052 2557 2159 2601; x_wconf 83' lang='grc' dir='ltr'>ὔμμιν</span> <span class='ocrx_word' id='word_1_508' title='bbox 2187 2556 2231 2589; x_wconf 76' lang='grc' dir='ltr'>τά</span> <span class='ocrx_word' id='word_1_509' title='bbox 2259 2567 2295 2590; x_wconf 86' lang='grc' dir='ltr'>τε</span> <span class='ocrx_word' id='word_1_510' title='bbox 2323 2558 2467 2601; x_wconf 85' lang='grc' dir='ltr'>τερπνὰ.</span> 
     </span>
     <span class='ocr_line' id='line_1_39' title="bbox 261 2608 2468 2660; baseline 0.003 -16"><span class='ocrx_word' id='word_1_511' title='bbox 261 2608 349 2652; x_wconf 88' lang='lat' dir='ltr'>Quis</span> <span class='ocrx_word' id='word_1_512' title='bbox 377 2609 446 2645; x_wconf 90' lang='lat' dir='ltr'>hoc</span> <span class='ocrx_word' id='word_1_513' title='bbox 466 2611 556 2646; x_wconf 93' lang='lat' dir='ltr'>velit</span> <span class='ocrx_word' id='word_1_514' title='bbox 584 2611 760 2654; x_wconf 90' lang='lat' dir='ltr'>retinere,</span> <span class='ocrx_word' id='word_1_515' title='bbox 790 2622 870 2647; x_wconf 90' lang='lat' dir='ltr'>cum</span> <span class='ocrx_word' id='word_1_516' title='bbox 900 2612 936 2647; x_wconf 92' lang='lat' dir='ltr'>id</span> <span class='ocrx_word' id='word_1_517' title='bbox 966 2623 1110 2658; x_wconf 91' lang='lat' dir='ltr'>quoque</span> <span class='ocrx_word' id='word_1_518' title='bbox 1138 2617 1257 2649; x_wconf 88' lang='lat' dir='ltr'>metro</span> <span class='ocrx_word' id='word_1_519' title='bbox 1286 2612 1510 2648; x_wconf 87' lang='lat' dir='ltr'>dissolvatur</span> <span class='ocrx_word' id='word_1_520' title='bbox 1538 2618 1648 2658; x_wconf 88' lang='lat' dir='ltr'>atque</span> <span class='ocrx_word' id='word_1_521' title='bbox 1677 2612 1890 2649; x_wconf 74' lang='lat' dir='ltr'>refutetur?</span> <span class='ocrx_word' id='word_1_522' title='bbox 1932 2613 2013 2649; x_wconf 88' lang='lat' dir='ltr'>Non</span> <span class='ocrx_word' id='word_1_523' title='bbox 2042 2617 2162 2651; x_wconf 89' lang='lat' dir='ltr'>minus</span> <span class='ocrx_word' id='word_1_524' title='bbox 2192 2620 2314 2651; x_wconf 87' lang='lat' dir='ltr'>autem</span> <span class='ocrx_word' id='word_1_525' title='bbox 2342 2616 2468 2660; x_wconf 89' lang='lat' dir='ltr'>inepta</span> 
     </span>
     <span class='ocr_line' id='line_1_40' title="bbox 260 2671 2466 2721; baseline 0.003 -15"><span class='ocrx_word' id='word_1_526' title='bbox 260 2675 372 2716; x_wconf 89' lang='lat' dir='ltr'>atque</span> <span class='ocrx_word' id='word_1_527' title='bbox 400 2671 630 2716; x_wconf 88' lang='lat' dir='ltr'>explodenda</span> <span class='ocrx_word' id='word_1_528' title='bbox 659 2676 716 2708; x_wconf 90' lang='lat' dir='ltr'>est</span> <span class='ocrx_word' id='word_1_529' title='bbox 743 2672 834 2709; x_wconf 90' lang='lat' dir='ltr'>haec</span> <span class='ocrx_word' id='word_1_530' title='bbox 863 2674 1018 2710; x_wconf 92' lang='lat' dir='ltr'>Boekhii</span> <span class='ocrx_word' id='word_1_531' title='bbox 1047 2675 1230 2711; x_wconf 87' lang='lat' dir='ltr'>condicio:</span> <span class='ocrx_word' id='word_1_532' title='bbox 1259 2676 1322 2709; x_wconf 82' lang='grc' dir='ltr'>σὺν</span> <span class='ocrx_word' id='word_1_533' title='bbox 1349 2674 1430 2720; x_wconf 80' lang='grc' dir='ltr'>ὑμῖν</span> <span class='ocrx_word' id='word_1_534' title='bbox 1456 2675 1526 2720; x_wconf 83' lang='grc' dir='ltr'>γὰρ</span> <span class='ocrx_word' id='word_1_535' title='bbox 1553 2674 1596 2708; x_wconf 83' lang='grc' dir='ltr'>τά</span> <span class='ocrx_word' id='word_1_536' title='bbox 1625 2686 1661 2709; x_wconf 84' lang='grc' dir='ltr'>τε</span> <span class='ocrx_word' id='word_1_537' title='bbox 1689 2677 1832 2721; x_wconf 82' lang='grc' dir='ltr'>τερπνὰ.</span> <span class='ocrx_word' id='word_1_538' title='bbox 1888 2676 1957 2712; x_wconf 88' lang='lat' dir='ltr'>Hic</span> <span class='ocrx_word' id='word_1_539' title='bbox 1994 2677 2048 2713; x_wconf 90' lang='lat' dir='ltr'>ita</span> <span class='ocrx_word' id='word_1_540' title='bbox 2084 2679 2353 2715; x_wconf 89' lang='lat' dir='ltr'>emendandum</span> <span class='ocrx_word' id='word_1_541' title='bbox 2389 2683 2466 2714; x_wconf 86' lang='lat' dir='ltr'>est:</span> 
     </span>
     <span class='ocr_line' id='line_1_41' title="bbox 260 2729 2467 2786; baseline 0.004 -20"><span class='ocrx_word' id='word_1_542' title='bbox 260 2729 361 2766; x_wconf 85' lang='grc' dir='ltr'>κλῦτ’</span> <span class='ocrx_word' id='word_1_543' title='bbox 395 2732 465 2777; x_wconf 85' lang='grc' dir='ltr'>ἔπι,</span> <span class='ocrx_word' id='word_1_544' title='bbox 502 2733 664 2780; x_wconf 88' lang='grc' dir='ltr'>εὔχομαι.</span> <span class='ocrx_word' id='word_1_545' title='bbox 720 2732 809 2769; x_wconf 90' lang='grc' dir='ltr'>Ρο51</span> <span class='ocrx_word' id='word_1_546' title='bbox 845 2733 913 2769; x_wconf 90' lang='lat' dir='ltr'>hoc</span> <span class='ocrx_word' id='word_1_547' title='bbox 949 2738 1072 2770; x_wconf 89' lang='lat' dir='ltr'>autem</span> <span class='ocrx_word' id='word_1_548' title='bbox 1108 2734 1144 2769; x_wconf 92' lang='lat' dir='ltr'>in</span> <span class='ocrx_word' id='word_1_549' title='bbox 1190 2735 1307 2770; x_wconf 90' lang='lat' dir='ltr'>locum</span> <span class='ocrx_word' id='word_1_550' title='bbox 1345 2734 1479 2777; x_wconf 80' lang='grc' dir='ltr'>τελείας</span> <span class='ocrx_word' id='word_1_551' title='bbox 1518 2741 1665 2783; x_wconf 76' lang='grc' dir='ltr'>στιγμῆς</span> <span class='ocrx_word' id='word_1_552' title='bbox 1704 2736 1965 2773; x_wconf 87' lang='lat' dir='ltr'>substituenda</span> <span class='ocrx_word' id='word_1_553' title='bbox 2001 2743 2059 2774; x_wconf 87' lang='lat' dir='ltr'>est</span> <span class='ocrx_word' id='word_1_554' title='bbox 2096 2737 2196 2786; x_wconf 76' lang='grc' dir='ltr'>μέση.</span> <span class='ocrx_word' id='word_1_555' title='bbox 2253 2739 2329 2782; x_wconf 87' lang='lat' dir='ltr'>Quo</span> <span class='ocrx_word' id='word_1_556' title='bbox 2369 2737 2467 2774; x_wconf 85' lang='lat' dir='ltr'>facto</span> 
     </span>
     <span class='ocr_line' id='line_1_42' title="bbox 261 2793 600 2830; baseline 0.003 -2"><span class='ocrx_word' id='word_1_557' title='bbox 261 2793 496 2829; x_wconf 88' lang='lat' dir='ltr'>scribendum</span> <span class='ocrx_word' id='word_1_558' title='bbox 523 2798 600 2830; x_wconf 91' lang='lat' dir='ltr'>est:</span> 
     </span>
    </p>

    <p class='ocr_par' dir='ltr' id='par_1_5' title="bbox 933 2846 1772 2893">
     <span class='ocr_line' id='line_1_43' title="bbox 933 2846 1772 2893; baseline 0.001 -13"><span class='ocrx_word' id='word_1_559' title='bbox 933 2847 996 2880; x_wconf 80' lang='grc' dir='ltr'>σὺν</span> <span class='ocrx_word' id='word_1_560' title='bbox 1025 2846 1131 2892; x_wconf 86' lang='grc' dir='ltr'>ὔμμιν</span> <span class='ocrx_word' id='word_1_561' title='bbox 1159 2858 1201 2893; x_wconf 87' lang='grc' dir='ltr'>γε</span> <span class='ocrx_word' id='word_1_562' title='bbox 1228 2847 1271 2880; x_wconf 87' lang='grc' dir='ltr'>τὰ</span> <span class='ocrx_word' id='word_1_563' title='bbox 1298 2846 1429 2890; x_wconf 81' lang='grc' dir='ltr'>τερπνὰ</span> <span class='ocrx_word' id='word_1_564' title='bbox 1458 2846 1518 2880; x_wconf 72' lang='grc' dir='ltr'>καὶ</span> <span class='ocrx_word' id='word_1_565' title='bbox 1546 2858 1581 2880; x_wconf 85' lang='grc' dir='ltr'>κ.</span> <span class='ocrx_word' id='word_1_566' title='bbox 1611 2858 1639 2880; x_wconf 93' lang='grc' dir='ltr'>τ.</span> <span class='ocrx_word' id='word_1_567' title='bbox 1669 2846 1696 2881; x_wconf 84' lang='grc' dir='ltr'>ἑ.</span> <span class='ocrx_word' id='word_1_568' title='bbox 1730 2867 1772 2871; x_wconf 85' lang='grc'>-</span> 
     </span>
    </p>

    <p class='ocr_par' dir='ltr' id='par_1_6' title="bbox 381 2913 2468 2967">
     <span class='ocr_line' id='line_1_44' title="bbox 381 2913 2468 2967; baseline 0.004 -20"><span class='ocrx_word' id='word_1_569' title='bbox 381 2913 424 2946; x_wconf 85' lang='grc' dir='ltr'>τὰ</span> <span class='ocrx_word' id='word_1_570' title='bbox 451 2914 585 2959; x_wconf 86' lang='grc' dir='ltr'>τερπνὰ</span> <span class='ocrx_word' id='word_1_571' title='bbox 621 2913 883 2958; x_wconf 87' lang='lat' dir='ltr'>interpreteris</span> <span class='ocrx_word' id='word_1_572' title='bbox 921 2925 1003 2951; x_wconf 89' lang='lat' dir='ltr'>esse</span> <span class='ocrx_word' id='word_1_573' title='bbox 1040 2927 1167 2952; x_wconf 88' lang='lat' dir='ltr'>rerum</span> <span class='ocrx_word' id='word_1_574' title='bbox 1200 2919 1308 2961; x_wconf 63' lang='lat' dir='ltr'>crata</span> <span class='ocrx_word' id='word_1_575' title='bbox 1339 2918 1445 2960; x_wconf 80' lang='lat' dir='ltr'>atque</span> <span class='ocrx_word' id='word_1_576' title='bbox 1471 2916 1740 2953; x_wconf 81' lang='lat' dir='ltr'>iucundissima</span> <span class='ocrx_word' id='word_1_577' title='bbox 1769 2935 1811 2944; x_wconf 28' lang='grc' dir='ltr'>ἐκ</span> <span class='ocrx_word' id='word_1_578' title='bbox 1845 2923 1922 2954; x_wconf 62' lang='lat' dir='ltr'>rous}</span> <span class='ocrx_word' id='word_1_579' title='bbox 1959 2919 2128 2966; x_wconf 59' lang='lat' dir='ltr'>ergiiglid)</span> <span class='ocrx_word' id='word_1_580' title='bbox 2162 2919 2213 2965; x_wconf 59' lang='lat' dir='ltr'>ist,</span> <span class='ocrx_word' id='word_1_581' title='bbox 2248 2922 2290 2954; x_wconf 76' lang='grc' dir='ltr'>τὰ</span> <span class='ocrx_word' id='word_1_582' title='bbox 2327 2921 2468 2967; x_wconf 80' lang='grc' dir='ltr'>γλυκέα</span> 
     </span>
    </p>

    <p class='ocr_par' dir='ltr' id='par_1_7' title="bbox 258 2971 1501 3022">
     <span class='ocr_line' id='line_1_45' title="bbox 258 2971 1501 3022; baseline 0.002 -16"><span class='ocrx_word' id='word_1_583' title='bbox 258 2975 382 3006; x_wconf 88' lang='grc'>31118111</span> <span class='ocrx_word' id='word_1_584' title='bbox 409 2971 637 3018; x_wconf 77' lang='lat' dir='ltr'>voluptatum</span> <span class='ocrx_word' id='word_1_585' title='bbox 665 2971 821 3008; x_wconf 86' lang='lat' dir='ltr'>blandas</span> <span class='ocrx_word' id='word_1_586' title='bbox 847 2974 1057 3017; x_wconf 83' lang='lat' dir='ltr'>suavitates,</span> <span class='ocrx_word' id='word_1_587' title='bbox 1087 2979 1164 3011; x_wconf 69' lang='grc' dir='ltr'>11)οᾷ</span> <span class='ocrx_word' id='word_1_588' title='bbox 1193 2973 1333 3022; x_wconf 75' lang='lat' dir='ltr'>monnig</span> <span class='ocrx_word' id='word_1_589' title='bbox 1362 2973 1421 3021; x_wconf 60' lang='lat' dir='ltr'>511ss</span> <span class='ocrx_word' id='word_1_590' title='bbox 1449 2973 1501 3021; x_wconf 63' lang='lat' dir='ltr'>iit.</span> 
     </span>
    </p>
   </div>
   <div class='ocr_carea' id='block_1_4' title="bbox 257 3068 2467 3207">
    <p class='ocr_par' dir='ltr' id='par_1_8' title="bbox 257 3068 2467 3207">
     <span class='ocr_line' id='line_1_46' title="bbox 383 3068 2465 3119; baseline 0.006 -21"><span class='ocrx_word' id='word_1_591' title='bbox 383 3068 405 3106; x_wconf 85' lang='lat'>¹)</span> <span class='ocrx_word' id='word_1_592' title='bbox 429 3068 464 3098; x_wconf 87' lang='lat' dir='ltr'>In</span> <span class='ocrx_word' id='word_1_593' title='bbox 495 3068 577 3099; x_wconf 81' lang='lat' dir='ltr'>libro</span> <span class='ocrx_word' id='word_1_594' title='bbox 607 3078 690 3100; x_wconf 90' lang='lat' dir='ltr'>meo:</span> <span class='ocrx_word' id='word_1_595' title='bbox 724 3070 783 3102; x_wconf 60' lang='lat' dir='ltr'>§Die</span> <span class='ocrx_word' id='word_1_596' title='bbox 805 3071 926 3109; x_wconf 66' lang='grc' dir='ltr'>ὓῐῃηψ.</span> <span class='ocrx_word' id='word_1_597' title='bbox 951 3069 1188 3110; x_wconf 64' lang='grc' dir='ltr'>Θίερεδςεῖᾰηςε</span> <span class='ocrx_word' id='word_1_598' title='bbox 1211 3070 1356 3108; x_wconf 58' lang='grc' dir='ltr'>4131111111ϊὸ</span> <span class='ocrx_word' id='word_1_599' title='bbox 1378 3077 1406 3099; x_wconf 90' lang='lat' dir='ltr'>u.</span> <span class='ocrx_word' id='word_1_600' title='bbox 1430 3068 1449 3106; x_wconf 71' lang='grc' dir='ltr'>ἵ.</span> <span class='ocrx_word' id='word_1_601' title='bbox 1473 3076 1508 3100; x_wconf 80' lang='lat' dir='ltr'>m.</span> <span class='ocrx_word' id='word_1_602' title='bbox 1534 3070 1622 3103; x_wconf 47' lang='lat' dir='ltr'>{tier</span> <span class='ocrx_word' id='word_1_603' title='bbox 1648 3071 1725 3102; x_wconf 79' lang='grc'>1878</span> <span class='ocrx_word' id='word_1_604' title='bbox 1755 3073 1898 3104; x_wconf 83' lang='lat' dir='ltr'>relictum</span> <span class='ocrx_word' id='word_1_605' title='bbox 1930 3082 1979 3106; x_wconf 84' lang='lat' dir='ltr'>est</span> <span class='ocrx_word' id='word_1_606' title='bbox 2010 3078 2040 3106; x_wconf 89' lang='lat' dir='ltr'>in</span> <span class='ocrx_word' id='word_1_607' title='bbox 2071 3078 2161 3107; x_wconf 78' lang='lat' dir='ltr'>titulo</span> <span class='ocrx_word' id='word_1_608' title='bbox 2185 3077 2284 3109; x_wconf 85' lang='lat' dir='ltr'>Carm.</span> <span class='ocrx_word' id='word_1_609' title='bbox 2309 3079 2356 3110; x_wconf 90' lang='lat' dir='ltr'>Ol.</span> <span class='ocrx_word' id='word_1_610' title='bbox 2381 3080 2465 3119; x_wconf 83' lang='lat' dir='ltr'>XIV,</span> 
     </span>
     <span class='ocr_line' id='line_1_47' title="bbox 257 3117 2467 3167; baseline 0.006 -22"><span class='ocrx_word' id='word_1_611' title='bbox 257 3125 324 3154; x_wconf 77' lang='lat' dir='ltr'>pag.</span> <span class='ocrx_word' id='word_1_612' title='bbox 348 3118 389 3147; x_wconf 81' lang='lat'>42</span> <span class='ocrx_word' id='word_1_613' title='bbox 411 3118 557 3148; x_wconf 90' lang='lat' dir='ltr'>mendum</span> <span class='ocrx_word' id='word_1_614' title='bbox 579 3119 655 3149; x_wconf 87' lang='lat' dir='ltr'>hoc:</span> <span class='ocrx_word' id='word_1_615' title='bbox 687 3117 875 3156; x_wconf 75' lang='grc' dir='ltr'>ἈΕΩΠΙΩι,</span> <span class='ocrx_word' id='word_1_616' title='bbox 905 3128 974 3149; x_wconf 83' lang='grc'>011111</span> <span class='ocrx_word' id='word_1_617' title='bbox 995 3120 1080 3157; x_wconf 85' lang='lat' dir='ltr'>typis</span> <span class='ocrx_word' id='word_1_618' title='bbox 1102 3118 1313 3149; x_wconf 80' lang='lat' dir='ltr'>excudendum</span> <span class='ocrx_word' id='word_1_619' title='bbox 1337 3122 1437 3147; x_wconf 81' lang='lat' dir='ltr'>esset:</span> <span class='ocrx_word' id='word_1_620' title='bbox 1465 3118 1659 3149; x_wconf 77' lang='grc' dir='ltr'>ἈΣΩΠΙΩι.</span> <span class='ocrx_word' id='word_1_621' title='bbox 1704 3122 1799 3151; x_wconf 91' lang='lat' dir='ltr'>Aliud</span> <span class='ocrx_word' id='word_1_622' title='bbox 1821 3130 1985 3160; x_wconf 84' lang='lat' dir='ltr'>praeterea</span> <span class='ocrx_word' id='word_1_623' title='bbox 2008 3126 2152 3155; x_wconf 89' lang='lat' dir='ltr'>mendum</span> <span class='ocrx_word' id='word_1_624' title='bbox 2175 3132 2223 3157; x_wconf 88' lang='lat' dir='ltr'>est</span> <span class='ocrx_word' id='word_1_625' title='bbox 2246 3127 2277 3156; x_wconf 91' lang='lat' dir='ltr'>in</span> <span class='ocrx_word' id='word_1_626' title='bbox 2301 3137 2372 3166; x_wconf 82' lang='lat' dir='ltr'>pag.</span> <span class='ocrx_word' id='word_1_627' title='bbox 2398 3130 2467 3167; x_wconf 80' lang='lat'>143,</span> 
     </span>
     <span class='ocr_line' id='line_1_48' title="bbox 257 3163 1544 3207; baseline 0.005 -14"><span class='ocrx_word' id='word_1_628' title='bbox 257 3163 309 3194; x_wconf 90' lang='lat' dir='ltr'>lin.</span> <span class='ocrx_word' id='word_1_629' title='bbox 335 3166 372 3196; x_wconf 92' lang='lat'>16</span> <span class='ocrx_word' id='word_1_630' title='bbox 394 3168 449 3198; x_wconf 90' lang='lat' dir='ltr'>ubi</span> <span class='ocrx_word' id='word_1_631' title='bbox 471 3167 589 3205; x_wconf 84' lang='lat' dir='ltr'>legitur</span> <span class='ocrx_word' id='word_1_632' title='bbox 611 3170 798 3199; x_wconf 71' lang='lat' dir='ltr'>commodior</span> <span class='ocrx_word' id='word_1_633' title='bbox 820 3179 889 3200; x_wconf 91' lang='lat' dir='ltr'>cum</span> <span class='ocrx_word' id='word_1_634' title='bbox 912 3176 1014 3201; x_wconf 83' lang='lat' dir='ltr'>tamen</span> <span class='ocrx_word' id='word_1_635' title='bbox 1037 3169 1200 3207; x_wconf 86' lang='lat' dir='ltr'>legendum</span> <span class='ocrx_word' id='word_1_636' title='bbox 1222 3173 1324 3200; x_wconf 76' lang='lat' dir='ltr'>esset:</span> <span class='ocrx_word' id='word_1_637' title='bbox 1347 3169 1544 3199; x_wconf 76' lang='lat' dir='ltr'>commodius.</span> 
     </span>
    </p>
   </div>
   <div class='ocr_carea' id='block_1_5' title="bbox 2221 3229 2239 3259">
    <p class='ocr_par' dir='ltr' id='par_1_9' title="bbox 2221 3229 2239 3259">
     <span class='ocr_line' id='line_1_49' title="bbox 2221 3229 2239 3259; baseline 0 0"><span class='ocrx_word' id='word_1_638' title='bbox 2221 3229 2239 3259; x_wconf 85' lang='lat'><strong>3</strong></span> 
     </span>
    </p>
   </div>
  </div>
 </body>
</html>
