2818 3572
1406 244 1435 289 3

443 362 487 401 V.
516 363 539 398 9
568 361 764 409 ποιμαίνειν
793 373 875 398 cum
904 362 1118 408 plenissima
1145 363 1243 399 vocis
1272 362 1456 408 gravitate
1484 362 1628 403 dictum
1652 361 1721 396 huc
1750 360 1867 397 redit:
1901 371 1981 396 cum
2008 371 2144 406 mayna
2171 371 2260 396 cura
2287 359 2467 395 custodire
2493 362 2527 396 et

320 423 417 462 tum·
450 425 483 459 et
515 422 565 458 ad
596 422 857 458 incrementum
889 422 1067 459 adducere
1095 433 1142 451 =
1169 433 1380 458 conservare
1411 425 1444 458 et
1476 422 1573 459 alere
1606 424 1640 457 et
1666 433 1797 466 auqere
1825 421 1869 456 cf.
1899 420 2027 456 Isthm.
2057 421 2108 457 IV
2136 419 2212 468 (V),
2244 420 2291 456 10
2318 420 2380 454 δύο
2408 419 2446 454 δέ
2473 431 2526 454 τοι

320 485 416 529 ζωᾶς
448 486 563 519 ἄωτον
596 489 709 530 μοῦνα
741 484 1009 530 ποιμαίνοντι
1037 484 1096 518 τὸν
1123 483 1315 519 ἄλπνιστον
1348 483 1499 518 εὐανθεῖ
1531 484 1594 517 σὺν
1628 481 1723 528 ὄλβῳ
1751 493 1786 516 κ.
1816 493 1846 515 τ.
1875 480 1903 515 ἑ.
1960 480 2073 526 Cujus
2106 486 2263 526 arrepta
2293 480 2362 516 loci
2391 491 2525 525 oppor-

319 546 482 583 tunitate
516 544 628 581 liceat
656 544 760 581 nobis
789 544 1046 581 demonstrare
1074 543 1347 580 intolerandum
1382 543 1471 580 illud
1508 542 1765 588 originationis
1800 541 1928 577 vitium
1957 540 2003 576 ad
2031 551 2141 586 quam
2169 540 2286 577 lexica
2322 545 2451 577 nostra
2478 540 2525 576 ad

321 615 433 641 unum
461 603 584 639 omnia
612 613 788 639 revocare
817 604 937 639 solent
963 604 1180 640 inusitatum
1208 603 1389 639 sermonis
1417 603 1683 639 consuetudine
1711 602 1908 646 positivum
1938 600 2094 644 gradum
2123 601 2219 635 hunc
2253 599 2398 644 ἀλπνὸς,
2428 601 2524 645 quod

320 665 537 702 vocabulum
567 675 648 700 curn
676 665 722 701 ab
742 664 897 711 ἔλπομαι
917 665 1092 701 inducant
1112 663 1331 706 derivatum,
1362 663 1504 709 origine
1532 668 1656 699 tamen
1684 673 1751 698 sua
1778 661 1875 697 idem
1903 664 1962 695 est
1989 659 2085 705 quod
2111 658 2263 706 ἀλφενὸς
2294 665 2525 697 contractum

319 726 357 763 in
385 724 518 772 ἀλφνὸς
547 724 644 761 unde
662 724 807 776 ᾀλπνός,
836 735 930 771 qnae
952 736 1019 761 vox
1038 736 1120 762 cum
1139 725 1237 773 ἀλφή
1257 730 1295 761 et
1313 723 1451 760 ΑΛΦΩ
1479 725 1655 766 themate,
1685 724 1781 759 unde
1810 723 1877 757 hoc
1907 721 2066 757 alterum
2087 719 2236 766 ἀλφάνω
2266 723 2387 766 repeti
2418 722 2523 761 solet,

320 787 542 822 continetur.

445 878 485 913 V.
518 880 574 914 10.
614 879 686 914 Res
715 890 736 913 a
764 884 874 924 poeta
894 880 1057 923 cogitata
1076 884 1188 924 atque
1207 879 1275 914 hoc
1296 879 1441 924 quidem
1462 887 1573 913 versu
1592 873 1715 909 verbis
1738 882 1915 916 expressa
1943 873 2130 908 (30οῖῑᾶήο
2159 874 2304 909 nomine
2325 873 2526 918 OPPOUltUI'

320 938 393 974 his:
430 939 474 973 τὰ
502 939 565 984 μὲν
594 937 748 985 ἁμετέρα
780 938 928 985 γλῶσσα
962 939 1156 987 ποιμαίνειν
1185 939 1316 975 ἐθέλει.
1372 939 1472 982 Quae
1508 946 1596 974 vero
1633 945 1715 970 cum
1748 933 1784 968 in
1818 933 2032 968 membrana
2066 933 2234 968 Ambros.
2272 934 2325 975 A„
2364 934 2524 968 caeteris

319 999 585 1036 vetustioribus
606 1004 787 1045 quotquot
805 1000 852 1036 ad
871 1005 1036 1037 nostram
1057 1002 1269 1039 memoriam
1289 1002 1601 1048 permanaverunt
1621 995 1806 1033 codicibus
1827 993 1956 1030 mutila
1975 999 2086 1037 esset,
2113 994 2233 1030 tribus
2255 992 2522 1031 deficientibus.

319 1059 356 1094 id
391 1058 488 1103 quod
521 1058 685 1103 ignorari
724 1059 869 1094 omnino
909 1070 979 1095 non
1016 1068 1143 1106 posset
1177 1063 1223 1098 ab
1262 1063 1346 1105 ullo,
1383 1061 1559 1097 extremis
1593 1057 1754 1104 syllabis,
1793 1067 1873 1091 cum
1911 1055 2077 1100 profecto
2106 1067 2255 1091 versum
2284 1055 2380 1090 hunc
2412 1054 2523 1095 10⁰³,

320 1123 494 1164 quartum
527 1119 682 1154 eundem
712 1120 985 1165 Antistrophes,
1021 1131 1226 1166 congruere
1260 1121 1367 1166 plane
1405 1131 1485 1156 cum
1520 1129 1630 1154 versu
1667 1121 1801 1161 quarto
1838 1116 2011 1161 strophes
2050 1116 2177 1161 ntique
2215 1126 2368 1152 necesse
2405 1121 2523 1150 esset:

320 1180 496 1216 librarius
524 1181 648 1216 nescio
669 1182 750 1226 quis
770 1187 901 1218 auctor
921 1183 1157 1219 membranae
1176 1182 1293 1218 Paris.
1315 1183 1338 1219 C
1363 1193 1467 1228 quem
1494 1193 1549 1224 ea,
1580 1189 1673 1225 quae
1703 1177 1760 1213 hic
1789 1176 2023 1217 excidissent,
2053 1176 2143 1212 nihil
2171 1176 2379 1217 latuissent,
2410 1186 2526 1211 vacua

319 1251 363 1276 eo
391 1244 545 1276 conatus
574 1245 632 1276 est
659 1242 809 1285 explere
837 1242 917 1278 loca
946 1248 985 1278 ut
1013 1244 1219 1289 adsumptis
1248 1244 1396 1279 vocibus
1424 1244 1519 1290 ὅμως
1539 1241 1587 1276 ὧν
1616 1240 1637 1275 i.
1668 1249 1697 1274 e.
1729 1240 1848 1272 tamen
1872 1237 1994 1281 iyitur,
2023 1240 2131 1281 atque
2150 1239 2270 1272 tamen
2298 1236 2523 1272 rotundandi

320 1302 442 1337 studio
470 1301 704 1337 concluserit.

443 1361 543 1405 Quae
573 1362 811 1398 oblitteratae
841 1363 993 1399 refectio
1022 1365 1087 1407 rei,
1118 1374 1225 1408 quam
1255 1369 1407 1408 praeter
1435 1363 1525 1398 alios
1552 1361 1579 1396 T
1584 1371 1616 1405 y.
1637 1357 1898 1395 Mommsenius
1928 1369 2030 1394 suam
2059 1358 2203 1400 fecerit,
2233 1369 2304 1393 non
2333 1358 2523 1402 reparatio

318 1423 537 1459 amissorum
567 1429 635 1466 est,
674 1434 799 1459 verum
837 1425 883 1459 ad
911 1424 1010 1460 aliud
1048 1425 1136 1460 nihil
1165 1425 1235 1461 nisi
1263 1424 1310 1460 ad
1339 1424 1552 1459 damnosam
1591 1428 1775 1457 sarturam
1806 1420 1939 1457 recidit
1967 1423 2090 1463 atque,
2130 1419 2179 1454 sit
2208 1418 2314 1453 venia
2341 1418 2454 1454 verbo
2484 1424 2525 1454 ut

319 1493 385 1518 sua
421 1493 504 1518 cum
541 1493 631 1527 pace
666 1483 818 1520 Gratiae
852 1485 954 1529 ipsae
984 1484 1303 1522 fastidiosissimae
1341 1485 1477 1519 dictum
1514 1493 1598 1518 esse
1626 1483 1829 1527 patiantur,
1866 1486 2054 1524 tamquam
2090 1479 2136 1514 ad
2174 1479 2321 1521 nudam,
2360 1479 2521 1524 inquam.

319 1543 502 1588 quandam
538 1543 575 1578 in
608 1544 798 1579 tibialibus
827 1543 1045 1580 fissurarum
1083 1547 1199 1582 laneis
1229 1545 1456 1580 farcimentis
1491 1543 1765 1579 obturationem
1802 1543 2021 1584 inanemque
2060 1539 2096 1573 in
2133 1538 2284 1574 lacunas
2322 1539 2523 1574 intermissi

317 1604 511 1639 literarum
545 1605 770 1639 monumenti
808 1605 997 1649 improbae
1031 1607 1252 1652 ineptaeqne
1289 1606 1466 1640 materiae
1500 1605 1594 1639 male
1632 1608 1796 1639 coactam
1835 1600 2086 1640 intrusionem,
2121 1599 2158 1633 in
2196 1609 2269 1643 qua
2306 1609 2412 1635 nemo
2441 1610 2522 1635 esse

317 1663 435 1709 possit
468 1664 555 1709 quin
589 1663 725 1700 habeat
759 1663 1006 1708 offensionem,
1042 1666 1102 1712 qui
1139 1666 1285 1712 quidem
1323 1665 1368 1701 ad
1403 1668 1597 1701 contextus
1634 1662 1734 1700 filum
1771 1661 1972 1699 accesserit
2008 1660 2259 1696 evolvendum.
2323 1659 2449 1706 Neque
2488 1660 2523 1696 id

317 1725 468 1761 mirum:
504 1737 678 1771 namque:
711 1736 778 1771 „ex
808 1726 928 1762 altera
957 1727 1103 1772 quidem
1132 1733 1240 1773 parte
1269 1728 1327 1774 (τὰ
1356 1726 1434 1774 μὲν)
1464 1728 1542 1763 vult
1570 1725 1735 1774 (ἐθέλει),
1765 1729 1942 1771 quantum
1971 1723 2007 1758 id
2037 1722 2185 1767 quidem
2213 1722 2249 1758 in
2279 1723 2383 1759 nobis
2413 1724 2522 1759 situm

316 1792 375 1821 est
389 1786 412 1830 ¹)
441 1791 570 1821 nostra
598 1797 686 1822 sane
715 1786 841 1831 lingua
869 1786 1047 1834 (γλῶσσα)
1072 1788 1260 1823 custodire
1288 1788 1387 1823 illam
1414 1788 1561 1823 laudem
1589 1793 1627 1823 et
1656 1788 1752 1822 tueri
1781 1793 1817 1822 et
1847 1795 2068 1821 conservare
2096 1788 2134 1819 et
2162 1784 2209 1819 ad
2237 1783 2375 1820 laetum
2404 1784 2523 1821 incre-

317 1852 479 1884 mentum
507 1847 609 1884 alere
637 1846 883 1896 (ποιμαίνειν);
913 1858 1040 1884 verum
1069 1846 1116 1895 (δ’
1134 1857 1181 1874 =
1201 1847 1312 1896 ἀλλά)
1333 1846 1545 1884 beneficium
1576 1853 1687 1894 atque
1715 1858 1846 1884 munus
1875 1846 2050 1882 divinitus
2078 1845 2125 1881 ad
2154 1856 2219 1882 nos
2249 1846 2412 1882 delatum
2441 1857 2522 1883 esse

317 1909 412 1945 solet
439 1907 498 1956 (ἐκ
526 1907 642 1956 θεοῦ),
677 1919 757 1944 cuin
787 1909 842 1944 vir
875 1907 997 1955 (ἀνὴρ)
1026 1907 1153 1944 florem
1182 1909 1260 1954 agit
1287 1907 1422 1956 (ἀνθεῖ)
1457 1909 1703 1945 sollertissimi
1741 1909 1878 1954 ingenii
1907 1907 2049 1956 (σοφαῖς
2086 1907 2347 1955 πραπίδεσσιν).
2403 1909 2524 1954 Atque

316 1973 446 2013 tamen,
485 1969 578 2017 (sive
615 1973 734 2006 tame-n
772 1971 924 2016 ayedum
960 1970 1054 2016 ὁμῶς,
1083 1968 1160 2016 ὧν),
1196 1969 1247 2004 sic
1274 1968 1356 2013 jam
1391 1968 1515 2004 habeto
1543 1967 1634 2015 (ἴσθι
1667 1970 1754 2016 νῦν),
1791 1969 1951 2015 equidem
1986 1969 2177 2005 victoriam
2211 1969 2409 2005 concinam.
2467 1970 2523 2006 Ita

315 2029 483 2072 maxime,
521 2029 806 2074 haudquaquam
835 2030 955 2072 aliter,
994 2035 1102 2065 tenor
1138 2028 1327 2069 orationis,
1367 2028 1560 2063 dummodo
1589 2035 1807 2074 perspectus
1836 2041 1855 2065 e
1885 2030 2141 2074 supplemento
2171 2029 2307 2064 codicis
2337 2030 2462 2066 Ambr.
2495 2032 2523 2066 Α

315 2094 353 2125 et
382 2090 565 2135 Tychonis
593 2091 823 2127 Mommsenii
852 2095 953 2127 recte
981 2096 1092 2134 esset,
1123 2090 1220 2127 foret
1248 2092 1510 2136 assequendus.
1542 2112 1588 2116 —
1618 2092 1796 2137 Agedum,
1827 2096 1890 2128 aut
1918 2092 1990 2127 isto
2020 2096 2128 2136 pacto
2157 2090 2249 2126 haec
2279 2090 2407 2127 volunt
2434 2092 2522 2128 dici:

310 2154 437 2195 poetae
463 2163 530 2187 nos
548 2152 693 2197 quidem
712 2152 876 2198 linquam
897 2151 1121 2188 solummodo
1140 2150 1406 2187 commodamus
1423 2161 1512 2186 sane
1531 2154 1704 2194 nostram,
1732 2151 1820 2187 deus
1847 2155 1967 2188 autem
1995 2154 2047 2187 est
2067 2152 2228 2197 quidam,
2257 2153 2320 2198 qui
2348 2153 2387 2188 in
2418 2154 2522 2190 nobis

314 2211 449 2248 insidet
476 2212 710 2258 carminaque
737 2213 786 2249 ad
813 2213 1055 2249 decorandam
1084 2212 1257 2248 laudibus
1284 2214 1389 2257 atque
1415 2212 1665 2248 ezornandam
1685 2212 1842 2258 yloriam
1862 2212 2039 2248 victorum
2069 2226 2112 2250 ex
2138 2225 2208 2250 sua
2235 2214 2349 2250 unius
2376 2226 2523 2260 croyare

313 2284 352 2308 re
369 2273 459 2310 solet
477 2277 584 2320 atque
604 2274 736 2320 laryiri
755 2275 1023 2320 munificentia:
1052 2285 1174 2309 verum
1202 2273 1274 2308 ista
1301 2272 1447 2307 minime
1473 2284 1569 2315 curo,
1599 2273 1782 2318 nihiloque
1810 2276 1929 2308 tamen
1958 2274 2081 2308 minus
2110 2274 2160 2309 ad
2189 2274 2430 2319 triumphalia
2458 2279 2522 2310 tua

313 2332 433 2378 spolia
467 2333 631 2369 canenda
664 2333 861 2370 accedam“.
918 2334 997 2376 Qua
1032 2335 1069 2369 in
1106 2344 1217 2369 causa
1254 2334 1379 2378 inepta
1414 2338 1562 2378 poetam
1591 2333 1737 2369 effutire
1767 2334 1885 2378 quivis
1915 2334 2087 2375 senserit,
2123 2334 2310 2370 oculatum
2344 2346 2425 2371 cum
2462 2337 2519 2378 sit,

316 2393 402 2438 quin
436 2399 560 2430 tamen
594 2395 788 2440 quisquam
822 2396 1031 2431 inveniatur
1069 2396 1129 2441 qui
1164 2397 1255 2432 adeo
1294 2396 1506 2431 iniuriosam
1535 2406 1625 2437 rem,
1665 2400 1810 2440 poetam
1841 2405 2022 2429 summum
2050 2395 2266 2440 turpissime
2296 2396 2520 2432 conturbare

314 2454 419 2497 velle,
450 2465 587 2499 ponere
616 2456 762 2492 audeat.
785 2476 831 2481 —-
854 2457 927 2492 Aut
954 2461 1084 2492 contra
1104 2466 1191 2492 vero
1220 2456 1255 2491 id
1275 2455 1370 2501 quod
1390 2454 1599 2490 efficeretur
1628 2455 1695 2490 hoc
1723 2456 1813 2498 loco,
1843 2456 1889 2491 ad
1918 2455 2010 2491 haec
2039 2457 2207 2491 revocari
2238 2467 2276 2492 se
2305 2462 2516 2501 pateretur:

315 2526 394 2550 cum
413 2519 603 2560 poetarum
628 2528 729 2553 oninc
753 2529 817 2553 nos
839 2528 961 2562 (lenus,
991 2529 1068 2553 cum
1103 2517 1421 2563 ull-umquemquam
1449 2516 1622 2559 canimus,
1656 2515 1758 2551 aliud
1791 2515 1886 2552 nihil
1911 2527 2063 2561 ayamus
2088 2528 2195 2562 quam
2222 2520 2261 2552 ut
2286 2517 2349 2553 deo
2377 2518 2517 2554 suidam

313 2573 354 2608 in
375 2575 530 2618 pectoris
554 2575 668 2611 nostri
689 2575 937 2619 penetralibus
961 2575 1145 2618 insidenti,
1173 2575 1318 2620 linquae
1343 2573 1481 2619 quidem
1499 2576 1642 2609 nostrae
1660 2573 1914 2609 commodemus
1939 2574 2117 2618 officium:
2145 2575 2184 2609 in
2210 2574 2272 2610 hoc·
2298 2579 2415 2610 tamen
2441 2577 2519 2620 ipso

312 2632 481 2675 temporis
506 2633 652 2677 vestiqio
684 2633 770 2668 deus
804 2634 866 2668 iste
900 2634 982 2677 ipse,
1016 2645 1084 2679 quo
1115 2644 1188 2668 non
1218 2644 1255 2668 eo
1280 2632 1386 2667 maiis
1414 2632 1454 2666 in
1488 2632 1646 2667 canendo
1672 2643 1796 2677 queam
1831 2642 1963 2675 carere,
1998 2644 2051 2667 me
2078 2645 2100 2667 a
2134 2645 2169 2668 se
2195 2633 2369 2668 desertum
2403 2633 2522 2675 deficit

312 2701 537 2735 quamquam,
570 2691 658 2736 quid
691 2690 753 2727 hoc
778 2691 830 2726 rei
855 2694 915 2734 est,
942 2692 1035 2737 quod
1067 2703 1177 2737 neque
1211 2702 1338 2726 curare
1371 2701 1421 2725 me
1456 2701 1564 2735 neque
1598 2701 1735 2725 moram
1769 2688 1859 2724 mihi
1891 2689 2003 2725 ullam
2029 2690 2149 2727 deccat
2171 2692 2309 2736 facere:
2346 2691 2399 2726 vel
2423 2694 2520 2727 enim

312 2748 425 2784 invito
458 2749 521 2785 deo
547 2762 676 2785 canam
703 2749 722 2783 i.
749 2760 779 2784 e.
801 2761 869 2794 pro
895 2761 970 2784 mea
995 2761 1082 2785 sane
1103 2752 1218 2794 parte,
1245 2746 1464 2783 carminibus
1493 2750 1524 2781 te
1550 2746 1738 2790 celebrabo,
1764 2751 1939 2792 quantum
1963 2749 2107 2794 quidem
2132 2751 2286 2806 maxime
2311 2749 2425 2785 valeo:
2451 2752 2519 2786 etsi

312 2818 434 2842 verum
458 2811 518 2851 est,
553 2820 605 2842 me
632 2808 670 2842 in
692 2808 898 2851 praesentia
931 2807 1024 2843 nihil
1047 2807 1154 2852 probi
1175 2818 1277 2852 posse
1303 2804 1468 2849 reperire.
1529 2804 1624 2840 Suae
1664 2805 1822 2841 ieiunam
1860 2806 2131 2844 confessionem
2171 2812 2290 2847 tenuis
2327 2809 2520 2845 cuiusdam

313 2868 351 2900 et
379 2871 560 2910 angustae
598 2867 733 2912 ingenii
765 2877 877 2902 venae
907 2867 942 2901 in
972 2867 1090 2911 ipsum
1127 2866 1328 2901 carminum
1357 2873 1506 2898 suorum
1536 2872 1799 2909 argumentum
1828 2874 2058 2911 convertere,
2098 2870 2310 2914 neutiquam
2339 2868 2407 2904 hoc
2438 2874 2521 2904 erat

312 2925 474 2961 Pindari.
531 2928 572 2962 Id
608 2929 704 2963 enim
741 2928 837 2972 quod
874 2928 920 2962 ad
958 2937 1137 2962 summum
1166 2926 1302 2970 Opitzii
1340 2925 1450 2968 prisci
1486 2925 1539 2960 illi
1573 2926 1691 2961 nostri
1727 2929 1920 2971 potuerint
1948 2929 2003 2964 vel
2043 2930 2137 2965 alius
2171 2930 2323 2975 quilibet
2353 2931 2520 2966 eiusdem

313 2986 460 3029 generis
480 2986 678 3034 βαναυσίων
700 2998 872 3023 versuum
891 2987 1124 3032 ‹lipodiaruin
1147 2992 1395 3021 extremarum
1424 2987 1711 3022 consonantibus
1741 2987 1916 3023 clausulis
1945 2988 2223 3031 instructorum,
2253 3000 2324 3025 non
2352 2990 2399 3026 ad
2428 2990 2519 3026 illud

312 3043 457 3080 divinus
486 3045 546 3080 ille
576 3051 677 3082 vates
708 3046 888 3082 Pindarus
927 3047 1172 3082 descensurus
1210 3056 1369 3090 unquam
1396 3045 1465 3080 fuit
1502 3046 1597 3081 idem
1634 3048 1810 3093 egregius
1848 3048 1955 3083 aeolii
1984 3049 2156 3084 carminis
2185 3049 2261 3084 ales
2291 3051 2352 3094 qui
2382 3052 2521 3096 passim

438 3162 458 3199 ¹)
482 3163 515 3193 Id
536 3164 620 3202 quod
645 3165 720 3195 latet
742 3165 773 3195 in
798 3165 868 3196 illo:
893 3162 1026 3201 ἁμετέρα
1051 3166 1078 3194 vi
1102 3166 1163 3197 loci
1187 3166 1236 3196 sui
1258 3165 1296 3195 ad
1318 3175 1440 3203 gravem
1464 3166 1495 3195 in
1518 3166 1677 3197 efferenda
1701 3177 1777 3199 voce
1804 3169 1867 3199 oris
1893 3170 2123 3200 cout‹ntionem
2145 3169 2268 3200 delecti.
