2818 3572
1392 165 1453 210 14

306 294 347 320 se
376 293 460 320 esse
489 287 530 320 ut
556 284 594 320 in
623 283 744 320 media
762 283 969 321 Locrorum
988 290 1101 332 gente
1130 287 1304 334 quiddam
1333 286 1500 323 suaviter
1527 285 1755 323 modulatum
1782 284 1979 331 magnifice
2006 289 2119 332 atque
2147 285 2254 323 dulce
2283 297 2418 326 canoro
2447 300 2529 327 cum

305 354 480 382 sonorum
509 348 690 382 concentu
717 348 907 392 streperet
935 345 1113 396 (ἁδυμελῆ
1142 348 1351 396 κελαδήσω)
1387 358 1450 384 res
1487 347 1617 384 eadem
1653 346 1941 392 haudquaquam
1969 351 2012 382 ut
2038 346 2110 382 iam
2138 345 2267 391 epulae
2293 353 2421 386 essent
2446 348 2529 387 fieri

306 405 440 450 potuit,
468 414 589 451 neque
617 405 791 443 continuo
819 405 950 443 subiici
977 409 1159 453 potuerit,
1188 409 1286 456 quod
1313 411 1438 444 tamen
1463 407 1671 444 subiectum
1698 410 1758 444 est
1785 406 1871 450 illic,
1899 417 1964 444 vos
1984 407 2126 452 Musae,
2155 416 2306 453 quaeso,
2327 409 2528 454 epulamini

305 477 448 504 mecum
469 476 543 503 una
563 464 901 514 (συγκωμάξατε)Η
937 467 1057 504 Porro
1085 469 1158 505 rite
1186 469 1454 506 admoneamur
1479 468 1537 504 his
1565 466 1675 503 locis:
1704 465 1812 513 Pyth.
1833 467 1935 511 VIII,
1956 467 2104 505 70-71
2126 465 2238 514 κώμῳ
2267 468 2330 513 μὲν
2359 468 2531 516 ἁδυμελεῖ

309 528 400 564 Δίκα
428 527 644 574 παρέστακε.
674 547 723 552 -
751 526 856 562 Nem.
884 526 953 569 111,
982 526 1083 563 3—5
1111 528 1212 564 ὕδατι
1246 529 1316 576 γὰρ
1353 526 1491 574 μένοντ’
1517 525 1573 563 ἐπ’
1597 524 1767 574 Ἀσωπίῳ
1804 526 2028 574 μελιγαρύων
2064 527 2305 576 τέκτονοςῑ)
2342 528 2527 577 κώμων

304 588 472 625 νεανίαι
498 587 607 623 σέθεν
635 588 709 622 ὄπα
737 586 923 633 μαιόμενοι
938 586 977 634 ¹).
1034 589 1220 635 Numquid
1257 590 1433 626 cordatus
1471 590 1516 625 de
1548 587 1667 634 epulis
1703 587 1849 634 quidem
1882 588 2103 633 praedicare
2131 592 2242 634 poeta
2269 591 2427 634 poterit:
2463 601 2527 627 eas

306 649 497 697 ἁδυμελεῖς
525 660 608 685 esse
637 648 694 684 vel
723 648 953 695 μελιγάρυας.
1010 650 1066 684 An
1095 660 1184 685 vero
1221 653 1285 685 aut
1313 649 1395 693 ipsa
1423 649 1541 691 Musa,
1580 647 1610 682 si
1647 651 1788 683 rectam
1816 645 1981 689 τέκτονος
2008 647 2081 683 iam
2110 652 2259 685 tuemur
2287 650 2525 695 scripturam,

305 715 371 748 aut
410 710 668 747 adolescentes
710 707 890 757 (νεανίαι),
933 710 963 745 si
1001 710 1038 745 in
1077 710 1146 747 hac
1186 711 1387 747 etiamnum
1424 708 1640 756 praesentia
1676 708 1835 754 aliquem
1872 707 1930 743 vel
1966 707 2172 745 indebitum
2210 713 2313 746 certe
2352 710 2525 756 vulgatae

304 774 518 816 respectum
538 770 749 815 scripturae
769 769 985 813 habeamus,
1015 783 1062 808 an
1082 783 1183 815 vero,
1213 774 1373 818 inquam,
1402 773 1479 808 sive
1506 771 1574 807 hos
1602 770 1740 815 accipis
1768 780 1850 806 esse
1878 779 2014 814 pueros
2043 769 2090 806 ad
2109 768 2266 806 choreas
2287 771 2526 817 carminaque

303 831 456 867 victoris
498 840 612 866 causa
653 831 803 872 accitos,
845 832 942 877 quod
979 831 1113 869 falsum
1150 839 1220 875 est,
1263 845 1343 870 cum
1382 845 1427 869 ex
1465 834 1509 869 iis
1547 843 1641 877 quae
1679 832 1958 876 subsequuntur
1994 830 2092 866 haud
2128 830 2164 865 in
2201 829 2359 867 obscuro
2399 831 2447 867 sit
2479 833 2525 869 de

303 889 537 933 ἀεθλονίκαις
572 888 666 936 ipsis
703 900 911 929 sermonem
948 891 1079 930 haberi
1117 894 1280 939 νεανίαις,
1319 894 1395 932 sive
1434 906 1516 932 cum
1552 897 1655 931 recto
1692 893 1747 929 rei
1784 891 1974 929 intellectu
2007 892 2178 928 ludorum
2206 891 2344 928 laureis
2372 898 2524 930 ornatos

304 952 559 998 gymnicorum
585 952 827 995 intellexeris,
864 953 975 989 iidem
1013 953 1060 989 ad
1097 958 1304 990 extremum
1332 964 1352 989 e
1381 953 1562 990 lutetiano
1600 951 1758 999 quodam
1796 962 1932 999 genere
1969 952 2116 988 evasuri
2156 956 2242 989 sunt
2277 952 2524 1002 ἀρχιμάγειροι

303 1013 488 1051 artifices!
544 1014 618 1049 Aut
645 1013 698 1049 illi
727 1015 844 1058 igitur
873 1018 937 1049 aut
957 1014 1064 1049 Musa
1093 1019 1222 1050 nostra
1251 1016 1369 1049 victus
1399 1015 1549 1051 delicati
1578 1015 1798 1050 administra
1826 1014 2012 1050 lautorum
2041 1015 2123 1049 usui
2152 1014 2415 1060 commodoque
2443 1016 2524 1051 eius

305 1075 456 1122 generis
492 1074 681 1111 hominum
717 1074 845 1111 futura
878 1074 962 1117 erit,
1002 1085 1093 1120 quos
1123 1065 1326 1121 Anglorum
1364 1086 1534 1112 sermone
1570 1087 1650 1112 men
1687 1074 1728 1120 of
1749 1074 1835 1120 hiyh
1864 1074 1926 1121 life
1952 1075 2116 1111 vocitare
2146 1077 2413 1119 consuevimus,
2451 1077 2523 1112 iam

303 1137 395 1173 nihil
423 1140 547 1173 autem
574 1135 710 1170 τέκτων
740 1134 857 1182 μελῶν
887 1135 963 1170 sive
992 1133 1165 1169 ἀοιδᾶνῖῑ
1205 1137 1278 1172 Aut
1306 1137 1467 1177 tandem,
1497 1148 1579 1173 cum
1608 1135 1740 1172 νεανίαι
1768 1136 1961 1172 lectissimi
1989 1136 2061 1171 ὄπα
2080 1145 2206 1171 vocem
2226 1136 2369 1179 ποτνίας
2390 1136 2524 1179 Μοίσας

301 1198 530 1238 desiderant,
570 1196 747 1241 numquid
785 1196 836 1231 sic
875 1196 979 1231 nobis
1009 1198 1319 1240 persuaserimus,
1357 1199 1486 1243 epulas
1515 1200 1606 1234 istas
1635 1198 1796 1234 famosas
1824 1197 1921 1232 vocis
1954 1208 2069 1242 opera
2097 1208 2119 1232 a
2147 1197 2254 1232 Musa
2283 1197 2413 1233 solitas
2441 1208 2523 1233 esse

302 1256 500 1303 adparari!
556 1258 630 1294 Aut
659 1257 690 1293 si
718 1255 881 1299 τέκτονες
910 1256 1161 1302 corruptelam
1192 1262 1319 1294 tenere
1348 1258 1528 1295 adversus
1566 1269 1694 1294 sanam
1722 1256 1808 1300 ὀδάξ
1836 1262 1998 1294 mentem
2025 1258 2212 1300 malueris,
2250 1269 2335 1294 num
2365 1259 2523 1303 denique

300 1319 374 1353 iam
395 1316 663 1352 adolescentuli
683 1316 803 1351 nostri
824 1316 996 1352 culinarii
1016 1316 1312 1353 artificiosissimi
1333 1317 1482 1364 opifices
1503 1319 1549 1354 ad
1569 1329 1652 1354 eum
1677 1321 1853 1364 expetent
1872 1315 1982 1353 finem
2003 1328 2128 1354 vocem
2157 1316 2312 1353 maxime
2332 1317 2526 1355 Musarum

302 1383 342 1414 ut
371 1379 454 1420 sibi,
485 1382 685 1423 antequam
714 1379 820 1422 operi
848 1389 979 1413 manus
1008 1378 1240 1421 admoveant,
1272 1380 1440 1414 culinarii
1470 1380 1662 1424 praecepti
1692 1390 1841 1415 carmen
1869 1389 1958 1414 voce
1987 1380 2116 1414 Musae
2145 1380 2345 1414 canatur?!

428 1458 496 1495 Vel
523 1458 636 1495 etiam
667 1468 826 1504 quonam
854 1458 1032 1504 mysterio
1071 1458 1140 1495 hoc
1168 1460 1309 1504 parabo
1346 1464 1386 1495 ut
1422 1460 1510 1496 mihi
1547 1461 1668 1496 animo
1695 1459 1831 1504 fingam
1860 1459 1989 1505 epulas
2019 1470 2102 1495 esse
2130 1470 2194 1495 eas
2223 1460 2369 1504 quidem
2398 1459 2526 1506 αἴγλαν

300 1519 488 1567 στεφάνοις
518 1516 665 1552 ἀέθλων
694 1517 853 1563 Πυθίων,
881 1518 917 1554 id
948 1519 1045 1564 quod
1073 1522 1198 1555 tamen
1228 1520 1272 1556 de
1300 1519 1412 1567 κώμῳ
1440 1524 1553 1566 poeta
1580 1524 1708 1557 noster
1737 1519 1875 1555 asserit
1904 1519 2007 1565 Pyth.
2036 1519 2102 1563 III,
2134 1520 2285 1556 73-74
2312 1520 2341 1555 εἰ
2368 1518 2525 1567 κατέβαν

301 1581 437 1628 ὑγίειαν
474 1581 573 1627 ἄγων
610 1577 766 1626 χρυσέαν
802 1579 946 1625 κῶμον
983 1579 1167 1615 τ’ἀὲθλων
1206 1581 1350 1616 Πυθίων
1387 1581 1541 1628 αἴγλαν
1577 1581 1817 1628 στεφάνοις,
1854 1581 1933 1622 τοὺς
1966 1580 2160 1626 ἀριστεύων
2189 1580 2382 1627 Φερένικος
2409 1578 2460 1616 ἕλ’
2488 1581 2524 1617 ἐν

300 1640 419 1689 Κίῤῥᾳ
456 1639 564 1675 ποτέ·
607 1639 794 1685 Numquid
832 1641 958 1685 regius
996 1641 1135 1676 amicus
1174 1641 1237 1685 qui
1274 1640 1402 1678 morbo
1442 1639 1599 1676 afflictus
1638 1640 1760 1676 iaceat
1795 1644 1907 1686 atque
1946 1642 2005 1677 cui
2042 1641 2209 1678 ciborum
2245 1642 2471 1678 abstinentia
2506 1652 2526 1677 e

301 1702 530 1739 medicorum
551 1701 736 1737 servanda
756 1705 958 1746 praecepto
977 1701 1093 1737 multo
1113 1702 1219 1737 maiis
1240 1701 1286 1737 ad
1306 1701 1465 1737 salutem
1494 1702 1674 1737 conducat
1704 1712 1814 1747 quam
1843 1703 2009 1739 convivia
2027 1703 2086 1738 vel
2115 1703 2267 1739 saliaria
2295 1702 2525 1747 maximeque

301 1764 470 1809 opipara,
510 1774 597 1799 num
625 1773 713 1800 vero
742 1764 838 1799 idem
867 1763 1003 1799 omissa
1032 1762 1183 1799 Pindari
1213 1762 1359 1807 quidem
1389 1773 1505 1807 opera
1541 1762 1587 1798 ad
1621 1764 1749 1809 epulas
1779 1762 1938 1800 forsitan
1976 1763 2074 1800 haud
2108 1765 2294 1810 potuisset
2321 1774 2525 1810 emergere,

302 1826 333 1861 si
362 1835 426 1861 eas
454 1825 612 1860 maxime
641 1826 899 1870 spectavisset,
929 1836 975 1861 an
1005 1825 1245 1870 quamobrem
1275 1824 1354 1868 regi
1376 1828 1479 1860 vates
1504 1829 1657 1869 praeter
1676 1837 1828 1861 auream
1847 1824 2092 1860 valetudinem
2121 1825 2252 1869 epulas
2280 1825 2524 1868 potissimum,

302 1897 428 1922 secum
448 1890 489 1921 ut
508 1886 693 1931 potuisset
712 1885 861 1930 afferre,
891 1889 1088 1931 optaturus
1117 1884 1188 1921 fuit
1217 1896 1260 1920 eo
1289 1884 1406 1920 ferme
1434 1888 1543 1929 pacto
1564 1896 1634 1930 quo
1662 1885 1771 1921 homo
1791 1885 1925 1930 aliquis
1946 1884 2159 1921 rusticanus
2179 1884 2392 1920 Marcianae
2412 1884 2524 1920 silvae

301 1946 425 1983 incola
453 1946 500 1982 ad
527 1945 679 1983 filiolum
708 1957 815 1982 suum
841 1946 1043 1982 Suebulum
1072 1945 1194 1981 reditu
1225 1955 1290 1980 suo
1310 1944 1558 1990 Norimberga
1586 1945 1654 1982 hoc
1684 1945 1856 1982 dixisset:
1890 1948 2084 1992 „quantas,
2114 1946 2151 1981 in
2180 1945 2324 1981 laetitia
2353 1945 2522 1991 quidem“

305 2012 406 2054 „tua‚
446 2011 485 2043 tu
522 2007 610 2042 mihi
648 2007 863 2053 tragoedias
892 2007 1125 2042 excitaturus
1154 2018 1251 2047 eruS,
1291 2007 1321 2042 si
1351 2006 1418 2042 tibi
1448 2005 1545 2042 forte
1573 2006 1821 2053 Norimberga
1857 2008 1932 2044 liba
1967 2008 2107 2044 mellita
2143 2007 2351 2043 munusculi
2389 2008 2522 2043 causa“

305 2069 586 2116 „attulissem!“
610 2091 658 2095 —
679 2069 836 2113 Quinam
866 2069 999 2104 deinde
1028 2067 1169 2113 fingere
1199 2068 1320 2104 animo
1350 2067 1546 2113 quisquam
1573 2070 1724 2113 poterit,
1755 2079 1976 2115 quemquam
2004 2069 2124 2115 epulis
2155 2069 2378 2105 corollarum
2406 2069 2526 2105 instar

301 2131 488 2168 frondium
522 2131 709 2173 exornari,
748 2130 784 2165 id
823 2129 920 2176 quod
948 2128 1161 2174 fingendum
1199 2134 1301 2165 certe
1334 2133 1447 2169 esset,
1487 2129 1516 2164 si
1545 2140 1672 2165 verum
1701 2135 1813 2173 esset,
1850 2135 1974 2177 κῶμῳ,
2004 2130 2083 2166 loco
2117 2141 2226 2175 quem
2262 2131 2334 2165 iam
2371 2141 2450 2166 sum
2488 2131 2524 2166 in

301 2193 566 2238 disputationis
604 2196 756 2227 nostrae
793 2194 922 2236 partes
960 2195 1173 2230 vocaturus,
1214 2188 1329 2224 festas
1369 2189 1564 2234 epularum
1602 2189 1764 2225 laetitias
1801 2190 2036 2226 adumbrari:
2076 2189 2183 2235 Pyth.
2222 2190 2323 2232 VIII,
2364 2190 2523 2231 18—20,

433 2313 455 2351 ¹)
477 2311 642 2348 μαιόμενοι
658 2308 723 2341 ὅπα
739 2310 833 2340 σέθεν
848 2309 993 2342 τέκτονος
1015 2331 1021 2336 .
1046 2331 1051 2336 .
1076 2331 1081 2336 .
1106 2331 1111 2336 .
1136 2331 1141 2336 .
1166 2321 1190 2337 κ.
1215 2320 1239 2336 τ,
1263 2311 1286 2336 λ.
1319 2310 1337 2339 i.
1362 2317 1389 2339 e.
1420 2313 1506 2338 tuam
1536 2308 1818 2338 artificiosissimae
1849 2309 2007 2338 cuiusdam
2034 2309 2245 2339 fabricatricis
2268 2332 2396 2339 .....
2421 2319 2524 2340 vocem

300 2361 546 2400 flagrantissimo
570 2370 639 2392 cum
661 2360 820 2392 desiderio
844 2359 1052 2398 opperientes.
1085 2358 1293 2389 Scribendum
1316 2359 1398 2389 euim
1422 2363 1470 2389 est
1492 2356 1636 2392 τέκτονος
1658 2364 1753 2398 atque
1776 2359 1806 2389 id
1829 2368 1898 2389 cum
1922 2357 2018 2389 σέθεν
2040 2359 2180 2398 genitivo
2204 2358 2339 2397 quodam
2362 2364 2524 2397 poetarum

300 2414 397 2445 huius
426 2414 536 2445 eodem
566 2415 623 2443 σοῦ
652 2415 754 2444 locum
786 2417 914 2443 tenente
947 2409 1166 2448 copulandum.
1211 2409 1252 2439 Et
1280 2410 1361 2439 enim
1391 2409 1429 2439 de
1452 2410 1546 2439 Musa
1568 2409 1684 2439 dictum
1707 2417 1756 2441 est
1778 2420 1796 2441 a
1818 2411 1965 2449 Pindaro,
1998 2420 2067 2442 esse
2090 2421 2157 2442 eam
2179 2411 2336 2448 affabrurn
2359 2412 2523 2449 quemdam

300 2464 390 2496 dulce
413 2464 609 2503 loquentium
633 2461 853 2501 (μελιγαρύων)
874 2459 987 2497 κώμων
1009 2458 1161 2496 artificem
1186 2458 1354 2497 (τέκτονα);
1379 2459 1501 2488 νεανίαι
1525 2464 1639 2497 autem,
1671 2461 1735 2492 sive
1765 2463 1822 2493 hos
1845 2472 1912 2494 esse
1936 2462 2087 2494 statueris
2110 2460 2296 2492 οἷεθλονίκαι
2319 2463 2372 2500 qui
2395 2472 2428 2494 re
2451 2473 2525 2495 vera

300 2520 384 2553 sunt,
408 2516 475 2546 sive
491 2515 619 2547 νεανίας
641 2514 702 2543 hoc
720 2513 789 2542 loco
806 2513 969 2550 putaveris
986 2520 1053 2541 esse
1069 2511 1284 2541 adolescentes
1308 2511 1461 2548 quosdam
1483 2512 1620 2543 artifices
1636 2515 1763 2545 vocibus
1781 2515 1847 2545 suis
1870 2519 1964 2553 atque
1987 2514 2112 2545 choreis
2136 2518 2308 2544 tractantes
2332 2519 2523 2554 agentesque

300 2575 379 2604 opus
412 2564 569 2603 quoddam
599 2564 769 2602 poeticum,
800 2567 933 2593 neutros
963 2562 1117 2600 appellari
1150 2562 1180 2590 in
1204 2562 1298 2600 plano
1321 2567 1371 2592 est
1393 2572 1489 2601 posse
1512 2572 1648 2601 unquam
1668 2563 1875 2599 fabricatores
1898 2565 1946 2595 vel
1969 2565 2162 2595 artificiosos
2186 2564 2390 2601 sollertesque
2413 2564 2524 2602 κώμων

298 2612 498 2651 μελιγαρύων
512 2612 645 2650 opifices.
677 2615 779 2651 Atque
796 2621 888 2650 quam
907 2621 1014 2642 verum
1036 2617 1133 2648 esset,
1157 2612 1388 2650 expellentibus
1412 2613 1596 2644 mendosum
1617 2614 1694 2645 illud
1717 2615 1861 2653 vulgatae
1884 2616 2060 2654 scripturae
2083 2614 2232 2651 τέκτονες,
2255 2615 2377 2646 asinum
2400 2616 2524 2655 quidem

299 2675 319 2696 a
339 2665 431 2696 nobis
452 2673 524 2695 esse
550 2664 705 2695 deiectum
728 2664 765 2694 de
789 2664 915 2702 tegulis,
949 2663 1055 2701 colligi
1079 2673 1117 2693 ex
1141 2664 1408 2701 subsequentibus
1432 2665 1566 2694 maxime
1589 2665 1707 2702 poterit
1729 2666 1883 2702 versibus,
1913 2667 1978 2701 ubi,
2002 2671 2036 2696 ut
2058 2671 2163 2697 cetera
2185 2675 2311 2704 quoque
2334 2664 2366 2696 ἐν
2381 2665 2524 2706 παρέργῳ

299 2716 509 2754 attingantur,
532 2716 572 2746 ob
594 2725 662 2746 eam
685 2725 818 2753 causam,
841 2715 923 2754 quod
949 2716 1029 2746 ratio
1045 2714 1188 2745 redditur
1205 2724 1223 2744 a
1239 2719 1332 2753 poeta
1355 2725 1410 2745 cur
1433 2715 1554 2744 νεανίαι
1575 2715 1723 2752 μαίονται
1747 2716 1874 2749 Melea,-
1894 2716 2094 2753 potissimum
2117 2715 2265 2755 (μάλιστα
2287 2716 2319 2746 in
2343 2726 2369 2745 v.
2394 2717 2426 2754 7)
2449 2713 2523 2752 ὅπα,

300 2768 526 2806 corrigendum
549 2769 611 2798 erit
634 2768 698 2799 sic:
724 2768 803 2806 διψῇ
825 2777 856 2803 γε
879 2772 996 2798 mutato
1020 2764 1051 2795 ὁὶ
1076 2767 1108 2796 in
1130 2775 1181 2802 γεε

1053 2837 1133 2875 ὸιψῇ
1154 2847 1185 2874 γε
1209 2837 1327 2873 πρᾶγος
1349 2833 1423 2865 ἄλλο
1444 2834 1502 2872 μὲν
1522 2833 1629 2872 ἄλλον,

1053 2884 1239 2914 ἀεθλονικία
1260 2883 1292 2913 δὲ
1313 2883 1437 2920 μάλιστ’
1459 2883 1573 2913 αόιδάν
1594 2887 1687 2922 φιλεῖ,

1051 2931 1217 2969 στεφάνων
1239 2930 1354 2969 α’ρετᾶν
1375 2942 1406 2962 τε
1428 2931 1620 2969 δεξιωτάταν
1641 2930 1780 2963 ὄπαὸόν·

426 3004 548 3042 Quibus
573 3003 677 3034 verbis
700 3004 761 3034 hoc
784 3003 950 3034 evidentur
973 3002 1063 3033 nobis
1086 3002 1264 3040 subiicitur,
1288 3002 1440 3031 rationem
1463 3009 1534 3031 esse
1556 3001 1749 3040 cupidissimi
1772 3000 2071 3040 flagrantissimique
2096 3000 2126 3030 in
2149 2999 2390 3032 adolescentulis
2407 2999 2525 3030 Musae

300 3053 401 3092 ipsius
424 3054 506 3084 vocis
528 3052 678 3083 desiderii
700 3052 790 3090 quod,
815 3050 1004 3081 οἷεθλονίκαι
1025 3060 1096 3082 cum
1119 3052 1193 3088 sint,
1217 3052 1351 3087 διψῶσιν
1372 3049 1486 3084 ἀοιδᾶς
1508 3052 1597 3081 cuius
1618 3053 1732 3081 τέκτων
1753 3057 1801 3083 est
1823 3053 1930 3088 Musa,
1955 3053 2004 3082 cui
2033 3052 2158 3090 quidem
2181 3056 2348 3090 propterea
2371 3055 2524 3089 precatur

300 3112 360 3133 suo
383 3103 450 3133 ioco
475 3107 563 3133 vates
585 3107 696 3134 noster
720 3103 752 3132 in
774 3103 857 3132 hunc
881 3102 1022 3132 modum:
1047 3102 1102 3136 τᾶς
1124 3101 1260 3139 (ἀοιδᾶς)
1284 3100 1455 3139 ἀφθονίαν
1476 3098 1574 3137 ὄπαζε
1596 3114 1621 3132 κ.
1644 3114 1669 3132 τ.
1693 3101 1715 3132 ὲ.
