2818 3572
1435 260 1467 305 4

339 380 450 425 idque
483 389 626 415 summa
664 389 744 414 cum
782 389 872 414 suae
901 378 1016 424 ipsius
1044 380 1196 416 virtutis
1226 380 1450 416 conscientia
1478 384 1516 416 et
1542 381 1703 425 ingenua
1732 378 1901 425 quadam,
1936 380 2056 418 ductis
2085 371 2304 428 quibusdam
2332 389 2404 414 non
2433 378 2550 415 illibe-

339 439 482 475 ralibus
511 437 715 482 spiritibus,
744 437 905 473 elatione
934 443 1047 483 atque
1075 439 1273 476 altitudine
1301 450 1464 484 suaeque
1492 444 1649 475 naturae
1678 439 1895 475 facultatum
1924 440 2130 487 viriumque
2159 440 2391 477 erectissima
2418 438 2552 476 fiducia

339 499 376 534 in
404 496 715 543 praestantissimi
748 496 887 541 ingenii
922 498 978 533 sui
1006 500 1228 537 mentionem
1258 511 1364 546 quam
1394 499 1638 536 libentissime
1667 500 1806 536 soleret
1832 500 1997 538 incidere
2035 506 2146 548 atque
2175 501 2303 538 eodem
2333 505 2451 537 semet
2479 512 2551 546 quo

340 558 420 600 Διὸς
448 558 562 599 αἰετὸς
590 561 628 592 et
656 557 749 603 ὄρνιξ
776 558 875 600 θεῖος
911 558 957 605 (si
995 561 1144 596 tandem
1180 561 1266 595 huic
1301 561 1424 605 aliquo
1461 558 1568 594 modo
1596 558 1709 601 locus,
1747 558 1807 603 qui
1845 569 1916 594 non
1953 564 2022 603 est,
2059 559 2282 596 nominativo
2319 557 2412 605 ὄρνιξ
2448 563 2551 596 esset

340 618 506 664 relictus)
537 618 612 655 sive
641 618 733 665 ὄρνις
761 617 861 661 θεῖος
888 629 1043 656 numero
1072 620 1184 657 vellet
1210 620 1352 656 haberi.
1395 620 1517 656 Etiam
1546 624 1623 656 tum
1654 630 1799 665 quoque
1828 621 1858 655 si
1887 631 1931 656 ex
1959 621 2004 657 iis
2033 632 2127 667 quae
2156 625 2286 657 contra
2313 620 2550 665 opposuimus

340 689 522 724 quaerere
556 679 785 715 deverticula
813 679 904 715 velis
942 684 1053 725 atque
1087 680 1257 725 opinione
1295 680 1452 726 quadam
1489 679 1721 726 purgationis
1758 677 1933 716 flexiones
1969 680 2123 727 hujusce
2159 682 2256 718 modi
2285 680 2383 718 fere:
2426 681 2550 718 dicere

338 740 432 776 velle
460 739 551 775 illud
578 740 792 781 Pindarum,
821 750 866 775 ex
893 740 974 783 ipso
1004 740 1184 775 duntaxat
1211 741 1368 784 vestigio
1397 744 1508 784 atque
1537 740 1605 775 hoc
1634 741 1713 784 ipso
1742 740 1861 784 primo
1889 744 2057 785 tempore
2087 743 2285 788 quidquam
2315 753 2354 779 se
2382 743 2550 788 reperire

339 811 410 836 non
438 810 559 846 posse,
589 804 701 846 atque
729 804 925 846 poetarum
954 801 1074 836 instar
1101 799 1249 835 illorum
1279 800 1339 845 qui
1360 799 1474 836 multo
1495 804 1580 845 post
1599 800 1777 836 Weimari
1797 800 1913 835 Musis
1933 808 2171 844 vacaverunt,
2201 804 2375 839 horarum
2395 804 2550 847 imperio

339 872 378 897 se
408 866 521 906 atque
550 862 655 896 nutui
685 871 768 896 esse
798 865 974 906 tanquam
1005 861 1216 895 audientem
1245 860 1325 905 baie}
1355 870 1389 895 er
1409 860 1466 895 ber
1487 859 1702 907 gebieteu‘oen
1724 858 1866 897 &nube
1891 860 2060 908 gebntcbe,
2091 872 2198 908 quam
2220 863 2265 899 ob
2286 873 2445 905 causam,
2468 873 2548 899 cum

338 920 405 957 hoc
435 922 651 966 scripsisset
678 921 881 967 κελαδήσω,
909 920 1017 957 fidem
1047 925 1158 966 atque
1188 922 1405 964 religionem
1443 933 1546 956 suam
1580 922 1616 955 in
1645 925 1835 964 posterum
1865 921 2013 965 aliquod
2042 926 2188 966 tempus
2216 932 2298 957 esse
2327 922 2548 966 pollicitum:

337 985 424 1018 tunc
461 981 581 1027 ipsum
618 982 729 1018 etiam
766 981 866 1018 haud
904 992 969 1019 nos
1007 983 1153 1028 quidem
1184 982 1388 1027 poterimus
1417 980 1553 1023 facere,
1589 981 1674 1026 quin
1704 980 1947 1026 obloquamur
1974 981 2031 1017 his
2061 982 2140 1018 fere
2170 984 2311 1019 verbis:
2349 983 2550 1019 Pindarum

337 1042 450 1085 illum,
489 1051 597 1086 quem
627 1042 774 1086 quidem
812 1053 857 1077 ex
885 1043 1053 1077 omnibus
1091 1043 1295 1078 carminum
1331 1053 1482 1078 suorum
1511 1042 1660 1077 vocibus
1699 1051 1771 1076 non
1809 1039 2090 1085 significationis
2128 1043 2256 1086 solum,
2293 1043 2384 1086 dico,
2422 1054 2549 1080 verum

337 1102 449 1139 etiam
478 1100 735 1147 professionis,
766 1103 953 1147 cognitum
983 1108 1094 1148 atque
1114 1104 1348 1147 exploratum
1368 1104 1558 1143 habemus,
1587 1102 1753 1137 futurum
1774 1101 1888 1137 fuisse
1917 1106 1958 1137 ut
1985 1103 2113 1138 mallet
2140 1104 2397 1139 obmutescere
2426 1108 2548 1150 atque,

337 1163 367 1198 si
397 1163 478 1208 quis
506 1172 529 1198 a
557 1173 596 1198 se
625 1166 689 1198 aut
716 1163 945 1208 postulasset
965 1167 1029 1199 aut
1049 1163 1303 1199 contendisset
1322 1174 1378 1206 ne,
1408 1168 1486 1199 tum
1507 1164 1618 1200 etiam
1639 1173 1718 1199 cum
1744 1166 1809 1198 aut
1836 1162 1918 1207 ipsa
1946 1161 2156 1199 refrixisset
2183 1163 2292 1199 animi
2314 1163 2550 1201 inflammatio

337 1229 402 1261 aut
438 1224 499 1261 ille
536 1225 684 1270 quidam
722 1225 758 1260 in
795 1235 833 1260 se
871 1224 983 1260 divini
1012 1224 1150 1260 furoris
1187 1224 1346 1261 adflatus
1376 1230 1507 1269 sponte
1536 1236 1604 1260 sua
1630 1225 1825 1261 haesisset.
1862 1233 1905 1258 eo
1939 1233 1973 1257 m
2003 1223 2045 1258 “s
2078 1225 2125 1259 ab
2154 1235 2266 1270 opere
2296 1229 2470 1268 cessaret,
2504 1226 2550 1262 ad

337 1284 517 1320 eiusmodi
556 1277 806 1321 condicionem
845 1285 1151 1330 rogationemque
1188 1285 1284 1321 idem
1322 1286 1383 1322 ille
1419 1290 1563 1322 tantum
1601 1283 1783 1320 abfuisset
1818 1287 1860 1318 ut
1895 1293 1981 1319 acce
2010 1287 2103 1326 eret,
2145 1288 2186 1319 ut
2221 1285 2344 1330 potius
2379 1285 2416 1321 id
2454 1285 2550 1332 quod

338 1343 520 1389 quondam
551 1343 757 1381 Mozartius
785 1348 914 1382 noster
943 1344 1042 1387 fecit,
1073 1345 1308 1382 subiecturus
1337 1346 1469 1383 fuerit:
1503 1347 1753 1391 „mercenarie
1774 1349 1838 1381 aut
1858 1346 2006 1381 sordide
2035 1345 2199 1390 opificari
2228 1346 2327 1382 haud
2356 1348 2547 1391 equidem“

339 1404 437 1449 „ullo
465 1408 634 1449 tempore
662 1415 824 1450 possum,
854 1416 1007 1442 necesse
1035 1407 1130 1442 enim
1161 1407 1249 1442 mihi
1278 1411 1335 1443 est
1364 1418 1427 1443 eas
1447 1408 1611 1453 opperiri
1631 1417 1687 1443 me
1707 1406 1832 1448 horas,
1863 1406 1995 1451 quibus
2015 1406 2065 1442 dii
2085 1406 2269 1443 voluerint
2288 1407 2357 1452 ipsi
2379 1408 2547 1453 quidem“

338 1466 479 1509 „sacris
499 1466 636 1510 ingenii
657 1466 986 1511 epulistamquam
1008 1467 1225 1502 initiandum
1249 1479 1305 1502 me
1326 1468 1371 1503 ad
1393 1479 1431 1503 se
1452 1478 1598 1512 rapere,
1620 1471 1732 1511 atque
1752 1476 1833 1501 cum
1853 1476 1924 1500 non
1944 1467 2114 1510 equidem
2135 1466 2316 1503 daemonii
2337 1470 2547 1514 tamquam“

338 1525 461 1572 „illius
482 1527 550 1562 sim
570 1530 706 1569 rector,
736 1537 864 1563 verum
885 1538 989 1563 meus
1017 1527 1078 1563 ille
1108 1528 1231 1572 potius
1261 1527 1475 1563 moderator
1504 1527 1567 1562 sit:
1597 1525 1666 1561 hoc
1685 1526 1841 1561 maxime
1862 1530 2063 1570 propterea
2090 1537 2159 1570 ego
2184 1537 2271 1561 vero
2300 1527 2336 1562 in
2365 1528 2548 1564 animum“

338 1587 488 1631 „induxi
516 1590 558 1621 ut
585 1589 773 1630 patienter
802 1587 920 1622 eidem
950 1590 1214 1632 praestolarer,
1246 1588 1365 1633 quoad
1395 1598 1527 1623 rursus
1556 1587 1601 1622 ad
1630 1597 1687 1622 me
1717 1597 1785 1622 sua
1812 1585 2001 1622 voluntate
2030 1587 2079 1622 sit
2107 1586 2369 1623 deversurus“.
2421 1589 2551 1634 Itaque

337 1658 444 1693 quam
483 1648 670 1693 persecuti
710 1659 835 1684 sumus
874 1650 1247 1694 argumentationem,
1289 1660 1333 1685 ex
1369 1660 1414 1685 ea
1449 1650 1544 1684 omni
1583 1648 1688 1683 modo
1726 1647 1913 1683 indubium
1942 1646 2017 1683 fiet.
2055 1648 2155 1683 illam
2184 1647 2369 1683 Theodori
2398 1648 2550 1695 Bergkii

336 1710 586 1746 coniecturam
607 1709 678 1745 viri
699 1709 895 1746 clarissimi
917 1714 1029 1754 atque
1049 1710 1292 1747 multifariam
1312 1710 1464 1754 egregie
1485 1710 1529 1744 de
1550 1708 1710 1744 Pindaro
1731 1708 1865 1749 meriti,
1895 1708 1982 1743 licet
2002 1719 2036 1744 m
2077 1709 2108 1744 is
2129 1720 2217 1745 suae
2247 1713 2375 1745 careat
2393 1714 2551 1747 naturae

335 1770 584 1806 inconstantia
601 1780 709 1815 quam
725 1770 799 1805 ista
818 1770 941 1805 inania
962 1770 1141 1814 quaedam
1159 1770 1303 1805 librarii
1320 1769 1455 1805 codicis
1471 1769 1631 1804 Parisini
1648 1768 1671 1804 C
1691 1767 1797 1813 quasi
1816 1767 2041 1812 complemen
2063 1779 2085 1804 a
2108 1770 2299 1812 orationis,
2321 1775 2551 1816 quantopere

334 1842 491 1876 prorsus
519 1830 590 1867 fine
620 1842 686 1866 suo
715 1831 897 1867 excidisse
925 1835 1123 1875 appareat:
1159 1830 1202 1864 ἐκ
1230 1829 1319 1864 θεοῦ
1347 1827 1440 1862 δ’ἀεί
1469 1833 1595 1874 σοφαῖς
1624 1827 1728 1862 ἀνθεῖ
1756 1838 1806 1868 τις
1834 1827 1928 1873 ὁμῶς
1956 1828 2210 1873 πραπίδεσσιν;
2248 1839 2320 1874 qua
2348 1830 2550 1866 miserabili

334 1892 453 1927 bonae
491 1891 619 1936 copiae
656 1892 692 1926 in
730 1891 937 1928 eiuratione
965 1902 1122 1937 poeseos
1152 1901 1271 1936 neque
1301 1890 1501 1936 quidquam
1530 1889 1627 1924 inest
1659 1892 1724 1924 aut
1751 1887 1920 1924 materiei
1949 1891 2014 1923 aut
2039 1887 2173 1924 indolis
2202 1888 2413 1936 μελιγάρυος
2441 1891 2551 1937 ὕμνου

336 1953 566 1997 cuiusquam,
605 1962 724 1997 neque
761 1951 821 1988 hic
850 1951 997 1997 quidem
1026 1951 1096 1987 loci
1132 1950 1300 1996 profecto
1329 1949 1481 1986 Pindari
1516 1948 1661 1994 quidem
1698 1948 1761 1984 illa
1794 1949 1885 1985 satis
1915 1949 2026 1994 digna
2053 1960 2213 1994 persona
2241 1949 2384 1993 fuisset,
2415 1951 2551 1996 quippe

336 2012 399 2058 qni
428 2013 520 2048 alias
549 2012 645 2047 idem
674 2022 898 2057 unoquoque
935 2013 1015 2048 loco
1044 2016 1157 2057 atque
1194 2013 1229 2047 in
1259 2012 1356 2047 omni
1386 2020 1556 2046 sermone
1585 2009 1642 2044 vel
1672 2013 1880 2054 opportuno
1908 2010 1966 2046 vel
2002 2010 2213 2056 importuno
2251 2012 2550 2057 opulentissimas

335 2073 473 2118 ingenii
513 2072 568 2109 sui
606 2072 731 2118 copias
764 2072 856 2108 nihil
890 2071 1052 2108 infracta
1080 2072 1330 2116 ferociterque
1368 2073 1495 2106 erecta
1533 2079 1683 2104 suarum
1711 2069 1843 2104 virium
1872 2069 2027 2106 fiduciae
2056 2071 2252 2108 alacritate
2280 2077 2455 2119 creparet
2482 2074 2551 2111 hac

334 2135 491 2170 maxime
520 2134 659 2170 iactata
695 2137 734 2170 et
770 2133 908 2170 iterata
944 2143 1006 2169 re:
1045 2131 1164 2168 πολλά
1199 2143 1256 2179 μοι
1289 2129 1349 2168 ὑπ’
1375 2131 1538 2179 ἀγκῶνος
1572 2128 1669 2166 ὠκέα
1697 2128 1784 2178 βέλη
1813 2129 1912 2167 ἔνδον
1941 2131 2010 2168 ἐντὶ
2038 2131 2216 2179 φαρέτρας
2244 2145 2278 2168 κ.
2308 2144 2337 2168 τ.
2367 2133 2399 2169 λ.
2455 2134 2550 2177 Quid

334 2196 443 2240 ergo!
508 2196 562 2229 An
600 2194 698 2229 forte
736 2195 808 2229 iam
846 2195 899 2229 illi
939 2195 1172 2239 potissimum
1210 2193 1443 2238 pythicarum
1482 2192 1716 2226 venationum
1753 2192 1911 2239 principi
1948 2197 2061 2239 atque
2102 2196 2290 2240 tamquam
2328 2195 2410 2241 agri
2439 2198 2551 2242 atque

335 2255 499 2302 regionis
528 2254 733 2291 carminum
761 2254 918 2291 sublime
947 2255 1131 2291 alatorum
1161 2254 1375 2290 venatoriae
1403 2252 1542 2298 pythici
1560 2252 1707 2287 ‘domini
1736 2263 1877 2289 summo
1906 2256 2082 2297 curatori,
2113 2257 2174 2300 qui
2203 2260 2327 2291 tamen
2355 2257 2550 2300 glorietur,

335 2327 374 2351 se
402 2326 515 2351 unum
543 2316 712 2359 maxime,
743 2316 1037 2362 quotiescunque
1065 2314 1144 2350 eius
1174 2313 1243 2349 sibi
1271 2313 1327 2349 rei
1356 2313 1404 2348 sit
1432 2311 1569 2348 iniecta
1597 2311 1791 2358 cupiditas
1821 2313 1857 2350 in
1885 2314 1967 2361 ipsa
1993 2316 2182 2353 venatoris
2210 2316 2384 2362 indagine
2412 2317 2549 2363 pythici

334 2378 476 2414 habere
504 2378 660 2413 venandi
698 2382 924 2422 potestatem
962 2378 1078 2421 ipsius
1118 2376 1342 2410 instructum
1377 2375 1630 2409 instrumentis
1658 2376 1859 2410 venatoriis
1888 2376 2153 2421 venabulisque
2182 2376 2321 2412 Phoebi
2351 2376 2550 2421 sagittarii,

335 2436 440 2485 quid!
483 2438 644 2483 inquam,
686 2436 771 2474 huic
809 2448 904 2473 nunc
941 2437 1097 2472 maxime
1136 2436 1339 2481 Apollinem
1376 2435 1590 2480 pharetram
1627 2445 1699 2470 una
1737 2446 1817 2471 cum
1854 2436 2028 2472 universa
2064 2437 2128 2472 illa
2165 2438 2387 2481 sagittarum
2425 2438 2551 2480 copiae

333 2499 508 2533 ubertate
537 2497 715 2543 φαρέτραν
743 2501 856 2542 atque
885 2499 929 2531 τὰ
957 2497 1076 2531 πολλὰ
1105 2495 1203 2543 βέλη,
1232 2495 1339 2537 eheu,
1369 2496 1551 2531 ademisse
1580 2498 1691 2540 atque.
1721 2494 1944 2531 detraxisse!
1988 2495 2041 2531 Re
2061 2495 2208 2541 quidem
2228 2496 2321 2541 ipsa,
2351 2495 2414 2531 illa
2443 2505 2550 2540 quam

335 2559 401 2595 Th.
431 2559 618 2604 Bergkius
647 2569 669 2594 a
697 2559 802 2595 nobis
832 2559 1023 2594 contendit
1051 2568 1178 2593 rerum
1213 2567 1435 2592 canorarum
1464 2567 1485 2591 a
1512 2556 1673 2591 Pindaro
1702 2555 1865 2592 fabricae
1895 2559 2061 2591 structae
2094 2555 2348 2592 exaedificatio
2385 2556 2551 2591 adversis

334 2620 504 2665 vestigiis
533 2631 661 2656 vocum
690 2621 913 2656 adversatur
933 2622 1121 2663 tamquam
1141 2617 1311 2652 materiei
1341 2626 1413 2661 qua
1432 2615 1616 2652 Pindarus
1645 2616 1707 2652 ille
1737 2616 1884 2662 quidem
1913 2626 1980 2652 sua
2009 2617 2104 2652 solet
2132 2618 2359 2653 constituere
2379 2626 2551 2652 versuum

334 2680 513 2717 aedificia.
567 2682 668 2726 Ergo
688 2682 732 2717 de
753 2680 951 2717 reficiendo
971 2680 1040 2714 hoc
1069 2680 1112 2713 ob
1140 2688 1221 2712 eam
1251 2687 1328 2712 rem
1359 2677 1631 2722 desperandum
1662 2677 1876 2722 simpliciter
1904 2678 1978 2714 erit
2004 2688 2114 2715 versu
2142 2678 2366 2715 Pindarico?
2402 2676 2551 2713 Minime

334 2753 433 2779 vero.
491 2741 730 2788 Recuperare
768 2743 865 2779 enim
895 2741 1068 2779 facillime
1106 2740 1243 2775 amissa
1271 2740 1467 2784 possimus,
1498 2739 1527 2773 si
1566 2739 1677 2774 duces
1707 2750 1908 2784 sequamur
1936 2740 2197 2784 gradationum
2227 2741 2260 2775 in
2291 2740 2417 2785 priore
2444 2741 2552 2783 parte

333 2804 443 2839 huius
462 2813 482 2838 e
503 2802 649 2838 duabus
670 2802 889 2848 quibusdam
911 2801 1110 2837 contrariis
1131 2801 1340 2846 geminatae
1360 2800 1568 2838 sententiae
1596 2810 1857 2845 expressarum
1886 2801 2101 2837 discrimina
2129 2801 2165 2837 in
2193 2800 2374 2837 librandis
2403 2802 2551 2835 servata

334 2875 356 2899 a
384 2863 560 2899 carminis
588 2862 708 2896 nostri
738 2862 989 2898 illustrissimo
1018 2863 1209 2898 conditore
1239 2862 1465 2906 ponderibus
1495 2861 1567 2896 illis
1596 2861 1728 2905 quibus
1765 2861 1801 2895 in
1831 2861 1986 2906 singulis
2015 2861 2204 2896 vocabulis
2234 2870 2322 2894 voce
2355 2858 2551 2894 efferendis

334 2925 642 2969 convenientique
672 2922 891 2959 diversitate
920 2933 1093 2959 sonorum
1124 2922 1300 2958 ornandis
1330 2922 1634 2967 instruendisque
1662 2933 1728 2958 nos
1757 2923 1810 2958 uti
1840 2922 1966 2958 voluit.

456 2986 505 3021 Et
534 2985 632 3021 enim
651 2984 733 3020 luce
754 2988 811 3020 est
832 2984 981 3026 clarius,
1011 2984 1190 3020 vocabula
1211 2994 1306 3028 quae
1327 2978 1579 3029 respondeant
1606 2987 1642 3019 in
1662 2988 1822 3030 utraque
1842 2984 2006 3020 eiusdem
2028 2982 2211 3018 enuntiati
2233 2983 2341 3026 parte
2363 2978 2551 3015 contraria

333 3047 454 3082 altera
482 3045 612 3081 alteris
641 3046 723 3090 pari
753 3050 912 3090 utraque
942 3044 1067 3080 efferri
1097 3046 1196 3081 vocis
1226 3046 1463 3081 contentione
1492 3045 1704 3080 necessario
1733 3048 1919 3090 oportere.

458 3106 536 3141 Iam
565 3115 654 3141 vero
683 3106 719 3140 in
749 3115 859 3141 versu
890 3105 938 3140 10
965 3105 1055 3140 illud
1085 3105 1127 3140 ἐκ
1156 3106 1245 3141 θεοῦ
1273 3104 1312 3150 δ’,
1348 3106 1495 3141 sublata
1523 3105 1619 3140 omni
1649 3105 1703 3139 rei
1732 3105 1998 3145 controversia,
2027 3103 2111 3139 huic
2141 3102 2219 3138 voci
2249 3099 2403 3147 ἁμετέρα
2423 3110 2551 3136 versus

334 3166 418 3203 noni
448 3167 636 3203 contrario
666 3167 811 3203 nomine
846 3168 1055 3213 opponitur.
1114 3167 1224 3213 Atqui
1262 3167 1380 3203 eidem
1410 3178 1431 3203 a
1460 3171 1570 3212 poeta
1598 3166 1775 3203 vocabulo
1805 3165 1959 3212 ἁμετέρα
1988 3166 2153 3211 gravitas
2192 3162 2371 3208 quaedam
2409 3161 2553 3197 adiecta
