2818 3572
1344 211 1401 257 10

383 325 425 362 V.
456 326 490 362 6.
546 326 587 362 In
616 325 703 362 Cod.
726 326 809 363 Vat.
839 332 898 364 est
925 329 1070 377 γίνεται.
1124 330 1152 365 Α
1173 339 1244 375 qua
1264 329 1454 375 scriptura
1472 331 1607 367 iterum
1628 330 1692 375 Ty.
1714 330 1979 366 Mommsenius
2008 340 2080 366 non
2108 333 2232 376 potest
2250 340 2272 365 a
2290 339 2330 366 se
2349 339 2470 376 neque

259 388 464 432 impetrare
501 392 542 423 ut
578 398 617 423 se
655 387 846 434 disjungat
873 395 939 428 aut
966 392 1144 428 inducere
1172 391 1210 427 in
1237 389 1419 427 animum:
1458 390 1530 425 etsi
1558 395 1718 425 metrum
1746 399 1791 425 ea
1818 388 2077 436 perfringatur
2103 390 2157 427 ita
2183 399 2336 436 prorsus
2365 395 2406 426 ut
2432 390 2469 426 in

260 447 558 492 corruptelarum
594 459 748 486 numero
785 450 834 486 sit
864 451 1047 488 habenda.
1105 451 1291 487 Boekhius
1320 455 1444 487 autem
1473 450 1673 485 scitissima
1699 448 1808 485 huius
1836 450 1908 486 loci
1935 454 2048 496 atque
2076 451 2268 488 verissima
2295 460 2383 486 usus
2411 456 2470 487 est

260 507 501 550 correctione,
531 519 612 544 cum
641 510 834 555 praecepit
860 510 1031 558 γίγνεται,
1060 513 1105 548 ad
1135 523 1244 557 quam
1273 511 1568 548 emendationem
1598 520 1637 545 se
1664 509 1866 555 adplicavit
1890 510 2126 548 Godofredus
2154 512 2398 548 Hermannus.
2420 532 2468 537 —

258 565 413 613 ἀγλαὸς·
442 566 578 614 ἀγλαὸν
607 579 691 604 eum
719 570 972 608 existimamus
1000 572 1064 618 qui
1091 572 1240 609 honoris
1266 573 1314 608 sit
1341 571 1585 619 amplitudine
1611 570 1769 617 insiynis
1796 573 1904 617 atque
1931 572 2046 608 niteat
2064 591 2111 602 z
2131 573 2190 610 bet
2209 571 2245 610 in
2265 570 2469 620 gIfingenber

258 626 524 675 OEbrermeiiung
552 627 685 675 ittubst.
719 651 765 655 —

381 709 424 746 V.
455 710 554 746 8-9
583 712 725 748 mendis
746 712 928 750 laborant.
975 716 1096 760 Atque
1125 715 1293 760 profecto
1324 724 1481 759 quonam
1509 718 1618 759 pacto
1647 713 1771 749 dicere
1799 713 2000 749 audeamus
2029 713 2113 762 (ὅτι)
2141 714 2220 750 θεοὶ
2248 711 2468 759 κοιρανέουσι

256 772 384 818 χοροὺς
412 771 473 805 καὶ
502 771 625 815 δαῖτας
654 774 675 807 i.
705 785 736 810 e.
768 775 855 811 deos
893 776 929 810 in
967 776 1064 811 omni
1102 786 1238 821 genere
1277 780 1314 811 et
1352 775 1571 811 chorearum
1608 779 1646 811 et
1683 774 1876 819 epulorum
1906 775 2094 820 principes
2130 780 2241 820 atque
2271 773 2467 819 magistros

256 832 386 876 primis
405 833 495 869 locis
515 833 717 871 incedere?
756 836 883 881 Ecqua
904 836 1098 871 literarum
1119 841 1184 871 aut
1205 836 1323 870 famae
1344 836 1521 871 memoria
1541 834 1775 878 antiquitatis
1795 833 1921 878 aliqua
1948 835 2213 879 suppeditatur
2239 833 2467 870 confirmatio

256 896 294 927 et
312 891 404 928 fides
424 893 458 929 ei
479 894 541 938 qui
560 893 629 930 hoc
650 899 782 939 ponat:
814 896 1023 942 ubicunque
1044 905 1232 935 terrarum
1252 902 1316 934 aut
1336 899 1439 934 lauta
1468 897 1635 934 convivia
1662 896 1937 941 adpararentur
1966 900 2031 931 aut
2056 896 2282 932 ducerentur
2310 895 2466 930 choreae

256 953 345 988 deos
373 954 529 989 maxime
558 955 718 990 caeteris
747 957 916 992 omnibus
945 959 1161 1003 magisterio
1183 958 1339 1003 quodam
1366 958 1564 1002 fungentes
1593 962 1704 1001 atque
1733 956 1944 1000 principatu
1973 958 2172 1002 praegredi
2200 968 2282 993 esse
2310 956 2436 991 solitos
2449 956 2466 989 ἱ)

256 1014 390 1057 Atque,
430 1013 577 1057 quinam
613 1014 717 1050 nobis
752 1017 946 1061 quisquam
984 1019 1212 1054 concesserit
1250 1024 1289 1054 ut
1325 1023 1544 1059 statuamus,
1580 1017 1752 1053 Charites
1790 1015 1938 1061 quidem
1966 1016 2049 1052 illas
2078 1028 2160 1053 esse
2189 1028 2211 1052 a
2239 1017 2370 1062 quibus
2398 1015 2465 1050 hoc

256 1074 333 1109 sive
353 1074 609 1118 magisterium
631 1075 706 1111 sive
735 1077 968 1122 principatus
998 1079 1059 1114 ille
1088 1079 1134 1114 ad
1163 1080 1251 1114 deos
1280 1084 1345 1114 aut
1373 1065 1529 1114 delatus*
1548 1083 1649 1113 esset
1676 1083 1741 1112 aut
1768 1075 2041 1112 demandatus?
2079 1077 2127 1111 At
2154 1081 2206 1118 tu,
2236 1075 2276 1110 οὐ
2305 1100 2464 1109 .....

254 1134 336 1180 γὰρ,
365 1133 521 1177 inquies,
550 1132 717 1179 Χαρίτων
746 1136 850 1182 ἀτερ-
879 1136 975 1172 ἀλλὰ
1005 1165 1166 1172 .....
1196 1137 1332 1186 σέβοντι
1359 1137 1474 1184 τιμάν.
1522 1137 1620 1172 Ain?
1664 1136 1757 1172 Illud
1787 1146 1876 1172 sane
1904 1135 2052 1181 quidem
2080 1141 2158 1172 est:
2189 1135 2325 1184 σέβοντι
2352 1136 2466 1182 τιμὰν,

256 1205 382 1230 verum
412 1194 509 1230 enim
538 1205 626 1231 vero
660 1195 757 1231 haud
788 1197 948 1234 fortasse
977 1203 1046 1233 τῶν
1075 1199 1184 1244 θεῶν,
1221 1201 1330 1235 immo
1359 1200 1491 1245 πατρὸς
1519 1197 1752 1244 Οὐλυμπὶοιο,
1788 1197 1841 1232 ita
1869 1206 2024 1241 prorsus
2061 1200 2102 1231 ut
2129 1201 2273 1232 mature
2303 1196 2466 1233 conside-

257 1256 427 1292 rantibus
464 1256 569 1292 nobis
606 1256 702 1292 hunc
731 1258 870 1294 locum:
909 1258 1005 1294 ἀλλὰ
1034 1260 1176 1295 πάντων
1205 1260 1325 1306 ταμίαι
1353 1260 1466 1306 ἔργων
1494 1259 1531 1293 ἐν
1559 1258 1698 1304 οὐρανῷ
1727 1283 1888 1291 .....
1918 1255 2054 1304 σέβοντι
2087 1257 2220 1302 πατρὸς
2247 1255 2466 1303 Οὐλυμπίοιο

256 1317 360 1362 τιμάν
390 1322 586 1362 utrumque
614 1318 683 1353 hoc
712 1321 908 1364 perspicue
937 1321 1198 1358 adumbratum
1228 1332 1309 1356 esse
1338 1320 1527 1355 videatur:
1563 1318 1721 1363 primum
1750 1317 1897 1362 quidem
1926 1327 1999 1352 non
2027 1316 2085 1352 hic
2114 1318 2269 1353 maxime
2298 1317 2342 1352 de
2371 1317 2467 1353 omni

254 1386 392 1419 genere
420 1381 537 1424 χορῶν
566 1383 604 1413 et
631 1377 760 1412 δαιτῶν
790 1390 917 1415 verum
947 1380 991 1416 de
1019 1387 1140 1428 χοροῖς
1168 1388 1206 1417 et
1234 1380 1389 1415 δαὶτεσσι
1418 1383 1485 1413 τῶν
1514 1378 1550 1413 ἐν
1579 1378 1719 1424 οὐρανῷ
1746 1378 1901 1423 proinde
1930 1382 1999 1412 τῶν
2028 1377 2125 1413 θεῶν
2154 1379 2225 1423 agi.
2268 1379 2347 1423 Age
2367 1388 2464 1421 vero,

253 1438 306 1473 ita
342 1443 557 1483 comparata
594 1449 654 1474 res
690 1450 770 1475 cum
800 1441 858 1483 sit,
895 1441 1043 1485 quinam
1074 1447 1197 1478 tamen
1226 1442 1344 1487 possit
1372 1440 1465 1482 ficri,
1504 1445 1545 1475 ut
1572 1440 1618 1475 ad
1647 1439 1714 1475 hoc
1744 1439 1858 1474 verba
1895 1449 1988 1484 quae
2021 1444 2108 1474 sunt
2143 1440 2180 1474 in
2215 1439 2466 1475 controversia

253 1499 376 1543 posita
413 1499 593 1541 recidant,
633 1500 678 1535 ad
716 1501 809 1544 quod
840 1502 999 1546 quidem,
1035 1504 1231 1538 dummodo
1260 1508 1412 1546 recepta
1441 1501 1655 1537 steterimus
1683 1500 1852 1540 lectione,
1887 1499 2099 1533 necessario
2128 1498 2316 1534 debebunt
2342 1500 2464 1544 rejici:

253 1557 335 1592 οὐδὲ
364 1560 434 1606 γὰρ
462 1559 555 1594 θεοὶ
584 1565 716 1606 σεμνᾶν
744 1559 910 1607 Χαρίτων
939 1563 1022 1609 ἄτερ
1052 1562 1270 1610 κοιρανέοντι
1299 1562 1428 1610 χοροὺς
1456 1560 1536 1594 οὔτε
1565 1558 1686 1600 δαῖτας
1714 1562 1792 1593 τῶν
1821 1556 1968 1592 θεῶνέἔ
2010 1557 2154 1594 Deinde
2182 1558 2309 1594 ambos
2337 1569 2466 1595 versus

255 1619 341 1654 12¹¹m
369 1627 482 1665 atque
512 1621 574 1656 9¹¹¹¹¹
602 1621 769 1657 adversis
799 1624 1018 1666 quibusdam
1047 1626 1145 1660 inter
1181 1636 1220 1659 se
1258 1624 1457 1667 confligere
1486 1622 1682 1660 frontibus,
1720 1630 1801 1654 cum
1838 1630 1881 1654 ex
1915 1619 2035 1654 altera
2073 1624 2180 1662 parte
2218 1625 2465 1662 asseveretur,

253 1681 342 1716 deos
370 1681 470 1726 ipsos
500 1682 656 1718 maxime
693 1682 823 1727 primis
852 1683 1024 1720 incedere
1054 1685 1156 1725 locis,
1194 1695 1237 1719 ex
1266 1684 1387 1719 altera
1415 1693 1503 1718 vero
1540 1692 1622 1717 esse
1660 1681 1815 1717 eundem
1852 1680 2100 1726 principatum
2134 1684 2219 1716 ante
2248 1680 2340 1717 alios
2369 1682 2467 1726 patri

251 1743 485 1786 potissimum
515 1742 705 1787 Olympico
743 1743 943 1786 singularis
981 1744 1188 1779 ornamenti
1226 1747 1337 1787 atque
1374 1741 1566 1787 praecipui
1601 1741 1752 1776 honoris
1789 1741 2043 1786 praestantiae
2080 1752 2191 1777 causa
2229 1752 2464 1778 concessum:

251 1801 389 1850 σέβοντι
410 1803 514 1849 τιμὰν
536 1803 668 1849 πατρὸς
683 1801 916 1849 Οὐλυμπίοιο,
939 1805 1020 1849 quis
1041 1805 1190 1840 tandem
1207 1805 1298 1840 adeo
1315 1808 1438 1839 mente
1453 1803 1567 1838 hebes
1583 1807 1647 1837 aut
1663 1808 1793 1847 captus
1810 1803 1868 1846 sit,
1890 1808 1931 1839 ut
1945 1814 2017 1839 non
2033 1809 2172 1839 cernat.
2190 1825 2237 1829 —
2253 1804 2366 1839 Cuius
2378 1815 2468 1849 ergo

252 1864 307 1899 rei
325 1863 446 1898 exitus
467 1863 567 1898 haud
588 1863 726 1899 diutius
751 1869 816 1899 aut
830 1865 866 1900 in
884 1864 1042 1900 obscuro
1064 1865 1206 1909 positus
1228 1868 1291 1899 aut
1312 1868 1436 1899 tamen
1460 1874 1595 1908 anceps
1619 1863 1677 1898 hic
1701 1863 1785 1906 erit,
1800 1864 1979 1908 scriptum
1995 1863 2110 1900 fuisse
2126 1875 2236 1900 versu
2260 1875 2355 1900 nono
2369 1863 2468 1908 Ζεὺς,

251 1923 343 1958 nihil
364 1928 488 1959 autem
508 1922 659 1969 Σεμνᾶν,
690 1925 786 1969 quod
807 1924 928 1969 ipsum
948 1923 1036 1966 Ζεὺς
1057 1924 1273 1960 vocabulum
1294 1924 1427 1959 horum
1456 1925 1611 1959 maxime
1641 1925 1889 1969 corruptionis
1918 1925 2078 1960 decursu
2098 1926 2280 1971 graduum
2299 1924 2468 1971 flexuque

253 1984 391 2021 sensim
419 1984 465 2021 ad
486 1972 696 2022 CGMNTA‘N
729 1985 782 2021 ita
819 1984 1011 2031 delapsum
1049 1997 1143 2028 esse,
1182 1992 1222 2022 ut
1257 1986 1324 2022 hoc
1362 1987 1521 2022 alterum
1559 1988 1604 2022 ad
1641 1989 1846 2022 extremum
1874 1986 1953 2021 loco
1999 1996 2065 2021 suo
2101 1992 2199 2022 esset
2234 1987 2466 2023 submotum:

1243 2056 1277 2102 1)
1306 2055 1429 2093 ΖΘΥ(

1238 2117 1275 2160 2)
1306 2116 1431 2153 ΔΕΥ(

1239 2177 1276 2224 3)
1307 2177 1420 2217 (AEI‘C

1238 2237 1275 2284 4)
1305 2237 1417 2274 (ΕΠ.

1238 2299 1276 2345 5)
1307 2299 1410 2335 (6η

1239 2359 1277 2405 6)
1308 2359 1422 2403 CCV]

1239 2422 1274 2465 7)
1302 2421 1360 2457 CC
1378 2423 1428 2468 η

1240 2482 1277 2527 8)
1307 2481 1425 2518 [cm

375 2546 456 2589 Qua
494 2546 529 2581 in
567 2548 670 2591 peius
700 2549 915 2584 mutationis
945 2550 1003 2585 via
1032 2555 1145 2596 atque
1175 2562 1378 2597 progressu
1407 2552 1606 2597 pristinum
1634 2552 1746 2590 ΖΕΪ(
1772 2552 1808 2587 in
1837 2551 1960 2587 nescio
1996 2560 2067 2596 quo
2100 2550 2331 2586 constitisset
2358 2548 2468 2593 OEM,

249 2609 347 2654 quod
370 2607 431 2644 CC
435 2607 471 2643 M
491 2614 621 2654 postea
641 2610 686 2645 ab
707 2610 855 2647 incauto
872 2612 996 2657 aliquo
1016 2613 1171 2649 librario
1191 2612 1441 2658 fragmentum
1462 2614 1645 2658 quoddam
1661 2618 1831 2659 putatum
1848 2613 2021 2658 vulgatae
2041 2611 2238 2649 hodiedum
2259 2611 2469 2656 scripturae

249 2669 451 2708 ceMNAN
479 2676 590 2717 atque
620 2673 655 2707 in
685 2673 879 2709 lectionem
909 2679 997 2710 ante
1026 2678 1191 2710 nostram
1222 2675 1437 2710 memoriam
1466 2675 1537 2710 iam
1568 2674 1711 2720 pridem
1740 2686 1809 2710 usu
1837 2674 1965 2710 tritam
1994 2673 2242 2719 perscriptum
2271 2676 2339 2708 est.

373 2762 415 2797 V.
449 2762 507 2798 10.
564 2762 659 2799 Illud
688 2762 1020 2801 ΚΟΙΡΑΝΕΟΝΤΙ
1041 2765 1130 2801 vitio
1160 2771 1281 2802 ortum
1311 2771 1369 2802 est
1396 2777 1440 2801 ex
1469 2766 1638 2802 oratione
1658 2765 1830 2810 primitus
1859 2764 1979 2801 literis
2007 2764 2194 2806 mandata,
2225 2773 2334 2808 quam
2354 2761 2469 2798 fuisse

250 2833 401 2858 necesse
431 2828 490 2858 est
517 2822 801 2861 KOIPANCCN
830 2824 924 2861 TOI.
964 2826 1094 2862 Eiecto
1123 2830 1246 2862 autem
1274 2826 1343 2862 hoc
1372 2825 1454 2860 οὐδὲ
1483 2827 1552 2873 γὰρ
1581 2826 1672 2871 θεοὶ,
1701 2826 1797 2871 quod
1819 2825 1978 2871 quidem,
2008 2825 2120 2861 nimio
2149 2824 2307 2870 quodam
2336 2823 2469 2869 depra-

250 2885 408 2920 vationis
446 2886 603 2928 cumulo,
647 2896 727 2921 cum
766 2887 907 2922 mendis
950 2888 1095 2923 laboret
1136 2892 1213 2923 tum
1259 2888 1371 2923 etiam
1410 2891 1517 2922 extra
1554 2886 1644 2921 fines
1681 2890 1801 2921 metro
1840 2886 2062 2922 constitutos
2099 2886 2318 2931 egrediatur
2358 2889 2469 2928 atque

251 2948 427 2990 tanquam
456 2945 493 2980 in
521 2945 645 2991 legum
674 2946 855 2992 impingat
883 2948 1123 2984 metricarum
1152 2948 1334 2984 cancellos
1365 2948 1427 2993 qui
1455 2947 1509 2982 ita
1537 2947 1611 2982 sint
1639 2947 1986 2983 circumscribendi:

250 3072 397 3113 (versus
426 3068 477 3104 8¹¹·
506 3069 681 3114 strophes
710 3074 823 3114 atque
852 3079 983 3105 versus
1012 3070 1063 3104 8⁰·
1087 3069 1375 3114 antistrophes):
1406 3067 1646 3104 reficiendum
1675 3078 1757 3104 esse
1786 3079 1977 3105 censemus
2007 3068 2079 3103 sic:
2109 3066 2191 3102 οὐδὲ
2217 3065 2287 3112 γάρ
2314 3077 2346 3099 τι
2373 3065 2471 3100 θεῶν

250 3129 304 3166 ita
332 3134 375 3165 ut
402 3134 560 3175 uterque
590 3125 719 3166 versus
748 3129 875 3165 9—10
904 3130 939 3165 in
968 3130 1062 3166 hanc
1094 3130 1318 3174 redigendus
1349 3130 1397 3165 sit
1425 3128 1637 3165 formulam:
