2818 3572
1408 233 1463 277 ll

758 349 841 386 οὐδὲ
867 351 937 398 γάρ
964 362 997 386 τι
1023 350 1120 386 θεῶν
1147 349 1235 394 Ζεὺς
1261 349 1426 398 Χαρίτων
1455 352 1538 398 ἄτερ

759 412 942 459 κοιράνεὲν
969 423 1022 448 τοι
1049 413 1177 460 χοροὺς
1204 412 1285 447 οὔτε
1313 411 1455 454 δαῖτας·
1483 411 1579 447 ἀλλὰ
1607 411 1750 447 πάντων
1778 411 1900 458 ταμίαι
1927 423 1961 446 κ.
1990 422 2020 446 τ.
2048 411 2081 447 λ.

451 514 572 561 ταμίαι
600 515 742 550 πάντων
770 515 882 562 ἔργων
910 527 944 550 κ.
973 526 1003 549 τ.
1032 514 1065 550 λ.
1102 515 1145 552 In
1165 525 1238 560 qua
1257 514 1454 550 verborum
1474 512 1706 559 copulatione
1731 512 1821 548 illud
1849 512 1952 560 ἔργον
1973 512 2044 548 vim
2063 512 2177 549 habet
2203 513 2256 549 rei
2285 523 2379 558 quae
2407 513 2536 549 eadem

328 580 509 621 usurpata
528 576 582 612 vis
607 579 665 612 est
689 576 726 612 in
746 575 802 612 Ol.
824 576 866 619 V,
888 576 934 612 16
962 576 1049 623 πρὸς
1076 575 1199 623 ἔργον
1227 574 1378 622 κινδύνῳ
1406 572 1691 621 κεκαλυμμένον,
1720 573 1773 609 ita
1801 572 1949 618 quidem
1975 576 2015 608 ut
2038 571 2152 608 verba
2183 572 2247 609 illa
2275 574 2312 609 in
2341 571 2434 609 hanc
2464 573 2538 609 sint

327 634 542 679 accipienda
571 636 811 671 sententiam:
846 635 1040 681 Zaryitores
1067 639 1174 682 atque
1200 635 1479 681 dispensati-ioca
1506 635 1669 670 omnium
1695 646 1818 670 rerum
1845 634 1884 669 in
1912 633 2015 669 coelo.
2071 634 2115 670 cf.
2145 634 2273 670 Isthm.
2304 634 2355 670 VI
2383 634 2458 681 (V),
2488 634 2535 669 57

327 694 519 743 Φυλακίδᾳ
546 696 616 743 γὰρ
644 695 772 743 ἦλθον,
801 696 830 732 ὡ
858 695 986 742 Μοῖσα,
1014 696 1166 744 ταμίας
1194 695 1322 744 Πυθέᾳ
1350 708 1386 732 τε
1414 695 1545 743 κώμων
1566 693 1768 741 Εὐθυμένει
1795 707 1843 740 τε,
1869 708 1902 731 κ.
1928 706 1957 730 τ.
1979 694 2010 730 λ.
2032 716 2081 721 -
2101 694 2146 732 cf.
2168 694 2224 732 Ol.
2249 695 2308 739 VI,
2329 695 2352 731 5
2373 694 2481 744 βωμῷ
2500 708 2538 732 τε

329 755 502 804 μαντείων
521 755 674 802 ταμίας
694 756 774 799 Διὸς
792 757 829 792 ἐν
847 756 940 805 Πίσᾳ
960 770 994 793 κ.
1015 769 1044 792 τ.
1066 757 1094 793 ἑ.
1120 778 1167 783 -
1193 757 1343 804 θέμεναι
1362 757 1513 803 θρόνους
1532 758 1631 804 παρὰ
1650 756 1804 804 Πυθῷον
1823 756 2038 793 Ἀπόλλωνα
2066 759 2087 793 i.
2118 768 2150 793 e.
2180 768 2261 794 cum
2290 763 2414 794 tamen
2430 759 2537 803 juxta

327 817 505 864 Pythonis
524 816 802 853 interfectorem
822 819 1027 863 Apollinem
1047 820 1152 864 regia
1171 829 1238 854 sua
1258 818 1388 854 sedilia
1407 819 1585 854 audacter
1613 822 1724 863 atque
1744 819 1925 864 impavide
1946 818 2122 867 (θέμεναι,
2142 820 2274 866 ἤγουν·
2295 819 2437 867 ἀφόβως
2458 820 2537 856 sine

326 875 442 924 metu)
460 877 530 913 sibi
545 875 659 925 (Med.
677 876 842 926 θέμεναι)
858 879 1129 923 collocaverint,
1145 880 1430 924 haudquaquam
1446 889 1565 925 neque
1585 884 1651 915 aut
1668 884 1839 924 petentes
1856 879 1925 916 sibi
1945 885 2009 916 aut
2024 880 2253 916 vindicantes
2274 881 2538 926 aspiraverunt

326 949 487 984 unquam
524 940 570 975 ad
607 939 768 984 aliquam
805 941 880 976 sive
908 941 1001 977 iuris
1029 942 1105 977 sive
1134 941 1326 986 dignitatis
1355 940 1411 976 vel
1439 940 1588 976 honoris
1626 951 1708 976 cum
1744 944 1853 986 patre
1882 941 2061 987 olympico
2090 943 2370 988 aequationem:
2408 952 2537 977 verum

325 1000 579 1044 praestantiae
606 1003 718 1045 atque
738 1000 978 1036 excellentiae
998 1005 1301 1037 ornamentorum
1321 1001 1399 1037 eius
1420 1001 1490 1037 loci
1512 1006 1624 1046 atque
1644 1001 1818 1037 decorum
1839 1001 1861 1037 i.
1885 1013 1914 1038 e.
1938 1003 2171 1048 amplitudini
2192 1007 2305 1048 atque
2321 1001 2537 1038 auctoritati

324 1059 475 1096 honoris
496 1059 727 1106 principatus
740 1059 763 1105 ¹)
784 1059 881 1095 illius
898 1060 1044 1106 quidem
1060 1071 1238 1096 summam
1259 1061 1397 1106 iugiter
1416 1066 1453 1097 et
1472 1061 1721 1107 praestabunt
1739 1067 1777 1098 et
1797 1062 2000 1098 servabunt
2014 1062 2263 1098 reverentiam
2280 1062 2536 1107 cavebuntque

326 1121 423 1156 omni
451 1131 533 1156 cum
563 1132 701 1167 genere
722 1121 977 1163 verecundiae,
1007 1132 1052 1157 ne
1081 1125 1146 1157 aut
1173 1121 1252 1156 eius
1281 1122 1336 1157 rei
1365 1126 1501 1158 statum
1531 1132 1691 1167 unquam
1711 1121 1938 1158 labefactent
1965 1126 2028 1157 aut
2058 1121 2259 1167 quidquam
2287 1126 2391 1158 certe
2420 1122 2464 1158 de
2493 1133 2536 1158 eo

325 1182 552 1218 deminuant.

447 1263 659 1307 Pindarum,
700 1275 780 1300 cum
811 1263 899 1300 locis
929 1264 1112 1300 universis
1140 1264 1212 1300 his:
1256 1264 1312 1300 Ol.
1343 1264 1422 1307 VII,
1453 1265 1485 1307 7,
1535 1264 1590 1302 Ol.
1620 1265 1664 1309 V,
1694 1266 1727 1308 6,
1774 1265 1828 1301 Ol.
1860 1266 1921 1307 IV,
1951 1266 1985 1309 3,
2033 1265 2088 1301 Ol.
2118 1264 2186 1307 ΙΙΙ,
2223 1265 2280 1307 15,
2330 1264 2385 1300 01.
2416 1265 2444 1304 Ι,
2474 1265 2534 1300 99.

325 1323 380 1359 Ol.
402 1325 429 1367 Ι,
452 1324 511 1368 84,
547 1324 602 1360 Ol.
624 1325 652 1367 Ι,
675 1325 709 1367 3,
745 1324 800 1360 Ol.
822 1325 885 1367 IX,
909 1325 991 1368 106,
1027 1324 1082 1360 Ol.
1104 1324 1205 1367 XIII,
1228 1324 1285 1368 15,
1320 1325 1425 1370 Pyth.
1447 1326 1474 1365 Ι,
1496 1326 1556 1368 73,
1595 1326 1700 1372 Pyth.
1723 1327 1783 1369 IV,
1806 1326 1890 1364 220.
1928 1325 2034 1371 Pyth.
2057 1325 2119 1367 IX,
2142 1323 2200 1366 70,
2237 1323 2343 1369 Pyth.
2366 1324 2429 1367 IX,
2453 1326 2535 1367 102,

324 1384 428 1430 Pyth.
448 1385 491 1427 X,
510 1386 543 1428 7,
566 1385 669 1421 Nem.
687 1386 752 1429 ΙΙΙ,
771 1386 804 1428 7,
825 1386 928 1422 Nem.
945 1386 1012 1428 III,
1029 1385 1088 1428 83,
1109 1385 1210 1421 Nem.
1227 1385 1270 1428 V,
1286 1385 1347 1429 49,
1368 1386 1469 1422 Nem.
1486 1387 1531 1429 X,
1548 1387 1609 1430 32,
1631 1388 1732 1424 Nem.
1751 1388 1794 1429 X,
1812 1387 1871 1429 51,
1892 1386 2019 1423 Isthm.
2037 1387 2103 1429 ΙΙΙ,
2121 1387 2152 1430 1,
2180 1386 2536 1439 Isthm.v<,1V),55,

324 1444 451 1481 Isthm.
473 1445 524 1481 VI
544 1446 616 1493 (V),
639 1446 702 1488 48,
731 1447 859 1483 Isthm.
884 1447 930 1482 VI
950 1447 1021 1494 (V),
1044 1446 1103 1489 72,
1134 1446 1261 1482 Isthm.
1283 1447 1371 1482 VIII
1391 1447 1500 1492 (VII),
1521 1447 1543 1482 5
1572 1447 1704 1483 harum
1725 1447 1882 1483 duarum
1911 1447 2135 1493 syllabarum
2164 1447 2259 1482 ἀεθλ
2288 1447 2446 1484 alteram
2466 1448 2535 1483 εθλ

323 1506 571 1549 produxisset,
602 1517 709 1551 quam
740 1508 785 1542 ad
816 1517 993 1542 summum
1023 1507 1147 1542 decem
1182 1511 1325 1542 tantum
1355 1508 1444 1542 locis
1474 1507 1732 1542 contraxisset.
1772 1507 2015 1550 colligendum
2044 1512 2113 1551 est,
2153 1509 2265 1544 toties
2294 1509 2534 1551 solummodo,

324 1564 469 1610 quoties
508 1564 555 1600 ad
592 1564 660 1601 hoc
698 1565 921 1602 necessitate
958 1566 1138 1603 adductus
1176 1571 1276 1603 esset
1311 1567 1432 1609 metri,
1470 1566 1516 1603 ab
1554 1566 1627 1603 ista
1664 1567 1928 1604 consuetudine
1966 1567 2226 1613 producendae
2264 1568 2428 1615 syllabae
2466 1568 2536 1604 εθλ

322 1623 517 1659 deflexisse
546 1629 658 1669 atque
687 1631 815 1661 nostro
852 1637 996 1671 quoque
1025 1627 1104 1662 loco
1133 1628 1316 1671 potiorem
1344 1637 1425 1662 esse
1453 1628 1735 1671 productionem
1773 1629 1939 1663 eiusdem
1977 1628 2138 1672 syllabae
2175 1630 2443 1670 contractione,
2482 1631 2535 1665 ita

323 1688 365 1721 ut
393 1694 523 1720 rursus
553 1686 588 1720 in
611 1696 721 1722 versu
740 1687 980 1732 respondenti
1008 1687 1125 1723 satius
1145 1687 1429 1723 existimandum
1457 1692 1558 1723 esset
1576 1686 1797 1734 Οὐλυμπίοιο
1818 1698 1910 1731 esse,
1941 1687 2061 1732 prima
2088 1685 2140 1722 Οὐ
2170 1686 2311 1733 syllaba
2339 1689 2533 1734 producta,

325 1755 433 1790 quam
452 1744 671 1792 Ὀλυμπίοιο,
692 1750 895 1789 contracta,
917 1747 1098 1783 scribere:
1128 1758 1208 1783 cum
1229 1749 1449 1792 praesertim
1469 1749 1568 1785 haud
1588 1760 1700 1796 aegre
1721 1750 1903 1785 Pindarus
1932 1748 2000 1784 hac
2029 1747 2138 1783 huius
2157 1748 2326 1785 vocabuli
2347 1750 2535 1795 scriptura

325 1810 464 1842 utatur.
495 1828 542 1832 —-
571 1806 786 1854 χρυσότοξον
814 1807 963 1854 θέμεναι
991 1808 1089 1853 παρὰ
1116 1820 1151 1841 κ.
1180 1819 1209 1841 τ.
1239 1807 1271 1842 λ.
1327 1808 1395 1844 Hic
1423 1810 1532 1846 velim
1570 1811 1742 1846 attendas
1779 1811 1825 1846 ad
1862 1811 1898 1846 id
1936 1810 2032 1855 quod
2061 1815 2173 1854 poeta
2200 1810 2291 1846 illud
2319 1811 2532 1857 χρυσότοξον

323 1867 535 1911 appositum
563 1867 642 1903 loco
671 1868 752 1913 ipso
780 1868 859 1903 eius
887 1877 969 1902 cum
998 1867 1155 1912 quadam
1180 1867 1365 1912 gravitate
1385 1868 1471 1903 fecit
1491 1869 1713 1904 eminentius
1743 1874 1783 1905 ut
1809 1870 1877 1905 hoc
1906 1868 2149 1914 significaret:
2180 1874 2392 1916 contempto
2421 1877 2533 1917 atque

325 1926 495 1971 neglecto
523 1936 712 1961 armorum
741 1926 886 1962 illorum
915 1927 1194 1963 metuendorum
1223 1932 1369 1964 terrore
1397 1933 1507 1974 atque
1536 1928 1731 1965 formidine
1760 1931 1931 1975 neglecta
1958 1941 2068 1966 arcus
2096 1932 2201 1967 aurei
2235 1932 2532 1978 sagittarumque

326 1988 459 2033 quibus
497 1988 627 2033 Apollo
665 1987 886 2024 confecisset
922 1988 1126 2033 Pythonem
1163 1989 1361 2025 draconem
1396 1989 1621 2025 horrendum
1659 1995 1770 2035 atque
1805 1992 2011 2035 immanem,
2058 2003 2130 2028 non
2167 2004 2211 2029 eo
2249 1995 2355 2030 maiis
2392 1996 2533 2031 veritae

321 2048 497 2086 Charites
517 2053 603 2086 sunt
623 2050 729 2086 sedes
751 2060 836 2085 suas
856 2059 989 2085 aureas
1017 2050 1120 2086 iuxta
1145 2050 1259 2086 sedile
1280 2051 1458 2096 Apollinis
1476 2051 1680 2088 collocare:
1711 2054 1807 2100 παρὰ
1835 2050 1989 2097 Πυθῷον
2017 2049 2234 2087 Ἀπόλλωνα
2262 2053 2533 2100 breviloquium

324 2113 382 2145 est
411 2110 608 2145 verborum
637 2110 788 2146 horum:
818 2112 917 2157 παρὰ
944 2096 1102 2158 Πυθῷου
1129 2109 1358 2153 ’Λπόλλωνος
1386 2111 1525 2158 θρόνον.

445 2241 487 2277 V.
520 2241 577 2276 11.
634 2240 771 2276 Πύθιον
812 2241 902 2278 illud
944 2242 1117 2289 vulgatae
1157 2245 1365 2289 scripturae
1404 2249 1521 2280 metro
1562 2245 1793 2281 adversatur.
1858 2245 1970 2282 Cuius
2013 2257 2144 2283 versus
2185 2248 2334 2285 schema
2375 2259 2446 2285 non
2487 2260 2532 2285 ex

321 2302 507 2349 Tychonis
537 2302 767 2338 Mommsenii
795 2314 925 2339 errore
954 2304 1213 2349 descriptionis
1241 2305 1299 2341 his
1327 2305 1493 2341 terminis
1522 2303 1716 2340 definitur:

1277 2432 1573 2441 ————————

318 2550 404 2575 cum
432 2550 502 2576 non
531 2545 674 2578 tantum
702 2542 822 2587 prima
851 2543 992 2589 syllaba
1018 2542 1103 2579 Πυθ
1130 2555 1260 2580 versus
1292 2543 1379 2588 ΠΝ,
1410 2553 1535 2579 verum
1574 2543 1685 2579 etiam
1714 2545 1834 2589 prima
1863 2546 2004 2591 syllaba
2032 2546 2129 2581 κολπ
2156 2557 2287 2583 versus
2317 2548 2373 2584 23⁵
2402 2549 2529 2585 itidem

320 2601 370 2637 sit
397 2601 528 2646 longa:
559 2612 732 2637 mensura
762 2602 910 2648 quidem
938 2604 1291 2650 circumscriptionis
1319 2606 1427 2642 metri
1455 2605 1573 2641 nostri
1601 2604 1691 2641 haec
1720 2606 1811 2641 erit:

1258 2714 1592 2726 —————————

316 2786 432 2827 atque
460 2783 556 2818 hunc
585 2793 667 2819 esse
697 2785 813 2820 omnis
842 2795 971 2820 versus
1003 2785 1084 2820 11mi
1103 2787 1300 2823 decursum
1329 2789 1401 2824 erit
1429 2798 1598 2824 necesse:

1132 2886 1287 2934 Πυθῷον
1315 2886 1527 2923 Ἀπόλλωνα
1556 2888 1708 2935 θρόνους

318 2995 364 3020 ex
392 2986 726 3030 praestabilissima
754 2987 914 3023 Ahrensi
943 2988 1139 3024 clarissimi
1168 2989 1236 3024 viri
1264 2988 1530 3025 emendatione.

445 3154 466 3191 ι)
488 3153 582 3189 τιμὰν
603 3167 641 3178 =
663 3155 764 3185 locum
786 3158 824 3187 ab
849 3157 903 3187 illo
926 3158 1055 3187 honoris
1078 3163 1170 3195 atque
1192 3158 1386 3196 principatus
1409 3167 1502 3188 causa
1525 3166 1720 3198 occupatum,
1744 3171 1781 3191 sa
1800 3163 1889 3200 place
1911 3168 1939 3194 et
1959 3173 2015 3194 son
2038 3173 2119 3202 ranq
2142 3165 2324 3195 d’honneur.
